date,type,rate,amount,total
2018-01-21 00:00:30,sell,0.00468253,1.82090000,0.00852641
2018-01-21 00:01:16,buy,0.00469000,0.84878891,0.00398081
2018-01-21 00:05:15,buy,0.00469000,0.27028869,0.00126765
2018-01-21 00:09:21,buy,0.00470900,0.20757854,0.00097748
2018-01-21 00:11:03,sell,0.00468253,5.62791206,0.02635286
2018-01-21 00:15:07,buy,0.00470900,0.08891109,0.00041868
2018-01-21 00:16:59,sell,0.00468262,2.96644949,0.01389075
2018-01-21 00:17:07,buy,0.00470900,0.23373752,0.00110066
2018-01-21 00:20:54,buy,0.00470900,0.36727610,0.00172950
2018-01-21 00:20:54,buy,0.00470900,0.18783068,0.00088449
2018-01-21 00:20:56,sell,0.00470900,0.03760000,0.00017705
2018-01-21 00:21:03,sell,0.00470901,0.03760000,0.00017705
2018-01-21 00:21:23,sell,0.00470901,1.06335288,0.00500733
2018-01-21 00:25:59,buy,0.00472512,23.86979489,0.11278764
2018-01-21 00:28:51,sell,0.00472516,0.03760000,0.00017766
2018-01-21 00:28:52,buy,0.00472519,0.11085170,0.00052379
2018-01-21 00:28:52,buy,0.00473797,5.19914830,0.02463340
2018-01-21 00:28:54,sell,0.00472516,0.03760000,0.00017766
2018-01-21 00:29:54,sell,0.00472516,0.03760000,0.00017766
2018-01-21 00:30:54,buy,0.00473760,3.20597932,0.01518864
2018-01-21 00:35:07,buy,0.00473797,0.10773601,0.00051044
2018-01-21 00:38:28,sell,0.00472532,0.02116259,0.00010000
2018-01-21 00:41:09,sell,0.00472532,0.01537738,0.00007266
2018-01-21 00:41:29,sell,0.00472516,0.94720000,0.00447567
2018-01-21 00:41:35,sell,0.00470900,0.44316539,0.00208686
2018-01-21 00:52:09,buy,0.00470997,0.70668099,0.00332844
2018-01-21 00:56:53,sell,0.00470900,1.68187470,0.00791994
2018-01-21 00:58:12,sell,0.00468267,11.28080200,0.05282427
2018-01-21 00:58:12,sell,0.00468267,9.61227477,0.04501111
2018-01-21 00:58:12,sell,0.00468264,1.02057888,0.00477900
2018-01-21 00:58:12,sell,0.00468260,7.72667635,0.03618093
2018-01-21 00:58:13,buy,0.00468267,20.89223058,0.09783142
2018-01-21 00:58:14,buy,0.00468264,7.80000000,0.03652459
2018-01-21 00:58:15,sell,0.00468260,2.53226854,0.01185760
2018-01-21 00:58:15,sell,0.00468260,0.00127806,0.00000598
2018-01-21 00:58:15,sell,0.00468253,18.35703437,0.08595736
2018-01-21 00:58:16,buy,0.00468264,3.14587098,0.01473098
2018-01-21 00:58:16,sell,0.00468264,0.00084518,0.00000395
2018-01-21 00:58:23,buy,0.00468263,50.12531328,0.23471829
2018-01-21 00:58:23,buy,0.00468263,7.80000000,0.03652451
2018-01-21 00:58:26,buy,0.00468263,3.62000000,0.01695112
2018-01-21 00:58:31,buy,0.00468260,50.12531328,0.23471679
2018-01-21 00:58:32,sell,0.00468253,0.00249566,0.00001168
2018-01-21 00:58:32,sell,0.00467806,0.03690905,0.00017266
2018-01-21 01:01:06,buy,0.00468160,1.06800181,0.00499995
2018-01-21 01:05:49,buy,0.00467958,38.79699248,0.18155363
2018-01-21 01:05:49,buy,0.00467958,0.00400752,0.00001875
2018-01-21 01:05:49,buy,0.00467959,2.48096041,0.01160987
2018-01-21 01:05:53,buy,0.00467957,8.46000000,0.03958916
2018-01-21 01:05:53,buy,0.00467957,10.02378367,0.04690699
2018-01-21 01:05:54,buy,0.00467957,8.45240681,0.03955362
2018-01-21 01:06:01,sell,0.00468100,4.00980301,0.01876988
2018-01-21 01:06:01,sell,0.00468100,0.81019699,0.00379253
2018-01-21 01:06:01,buy,0.00468100,1.00250627,0.00469273
2018-01-21 01:07:32,buy,0.00468100,0.00146162,0.00000684
2018-01-21 01:07:33,buy,0.00468267,0.00084619,0.00000396
2018-01-21 01:07:33,buy,0.00470885,1.00019845,0.00470978
2018-01-21 01:15:17,sell,0.00467806,0.00000001,0.00000000
2018-01-21 01:28:48,sell,0.00463143,2.02393115,0.00937369
2018-01-21 01:30:30,sell,0.00464178,0.41087120,0.00190717
2018-01-21 01:33:36,sell,0.00464181,2.16039236,0.01002813
2018-01-21 01:33:43,sell,0.00464184,13.41780848,0.06228332
2018-01-21 01:38:26,buy,0.00467806,0.15699242,0.00073441
2018-01-21 01:40:13,sell,0.00465938,5.62415393,0.02620507
2018-01-21 01:40:43,sell,0.00466463,7.80000000,0.03638411
2018-01-21 01:40:47,sell,0.00466463,5.29000000,0.02467589
2018-01-21 01:49:16,sell,0.00466460,0.11225818,0.00052363
2018-01-21 01:49:16,sell,0.00463159,1.10868322,0.00513496
2018-01-21 01:56:14,buy,0.00467806,1.41255136,0.00660800
2018-01-21 02:08:33,buy,0.00467751,50.47993670,0.23612040
2018-01-21 02:08:33,buy,0.00467754,26.99552544,0.12627265
2018-01-21 02:08:44,buy,0.00467806,1.72018217,0.00804711
2018-01-21 02:13:27,buy,0.00469509,2.16385276,0.01015948
2018-01-21 02:13:28,buy,0.00470884,2.16385300,0.01018923
2018-01-21 02:23:03,sell,0.00467810,23.47307105,0.10980937
2018-01-21 02:30:18,sell,0.00467813,64.19978974,0.30033496
2018-01-21 02:30:30,sell,0.00467806,0.65934000,0.00308443
2018-01-21 02:30:52,sell,0.00467806,0.00036509,0.00000170
2018-01-21 02:30:52,sell,0.00467803,8.99963491,0.04210056
2018-01-21 02:30:52,sell,0.00467803,49.99995000,0.23390126
2018-01-21 02:30:52,sell,0.00467803,5.96000000,0.02788105
2018-01-21 02:30:54,sell,0.00467803,1.96000000,0.00916893
2018-01-21 02:31:00,sell,0.00467803,9.00000000,0.04210227
2018-01-21 02:31:08,sell,0.00467803,9.00000000,0.04210227
2018-01-21 02:31:10,sell,0.00467809,21.58839000,0.10099243
2018-01-21 02:31:21,sell,0.00467809,0.00440479,0.00002060
2018-01-21 02:31:21,sell,0.00467803,1.57559521,0.00737068
2018-01-21 02:31:21,sell,0.00467803,3.21678000,0.01504819
2018-01-21 02:31:35,sell,0.00467803,0.00992577,0.00004643
2018-01-21 02:32:51,buy,0.00467767,2.10365360,0.00984019
2018-01-21 02:38:05,sell,0.00467189,0.11098112,0.00051849
2018-01-21 02:40:14,sell,0.00464009,0.32326959,0.00149999
2018-01-21 02:40:14,sell,0.00464008,0.72369226,0.00335798
2018-01-21 02:40:14,sell,0.00464008,0.26895698,0.00124798
2018-01-21 02:44:24,sell,0.00464006,0.20282880,0.00094113
2018-01-21 02:47:13,sell,0.00464010,0.42668665,0.00197986
2018-01-21 02:48:15,buy,0.00464010,0.03760000,0.00017446
2018-01-21 02:48:34,buy,0.00464010,0.03760000,0.00017446
2018-01-21 02:49:21,buy,0.00464010,0.41463814,0.00192396
2018-01-21 02:49:26,buy,0.00464010,0.21551259,0.00099999
2018-01-21 02:49:38,buy,0.00464010,0.64653779,0.00299999
2018-01-21 02:50:06,buy,0.00464010,0.03760000,0.00017446
2018-01-21 02:51:57,sell,0.00464006,3.35879537,0.01558501
2018-01-21 02:52:00,sell,0.00464006,10.04645849,0.04661617
2018-01-21 02:52:00,sell,0.00463128,0.03728187,0.00017266
2018-01-21 02:53:35,sell,0.00463100,0.04395379,0.00020355
2018-01-21 02:53:38,buy,0.00463099,0.03760000,0.00017412
2018-01-21 02:53:50,buy,0.00464010,0.03760000,0.00017446
2018-01-21 02:54:05,sell,0.00462763,0.64698345,0.00299400
2018-01-21 02:54:05,sell,0.00462579,0.21617927,0.00099999
2018-01-21 02:54:05,sell,0.00461347,0.04000000,0.00018453
2018-01-21 02:54:05,sell,0.00461190,8.97450798,0.04138953
2018-01-21 03:00:23,buy,0.00464010,0.19960127,0.00092616
2018-01-21 03:07:23,sell,0.00462604,1.81868726,0.00841332
2018-01-21 03:07:23,sell,0.00462603,0.03581389,0.00016567
2018-01-21 03:07:23,sell,0.00461191,1.34346323,0.00619593
2018-01-21 03:07:34,buy,0.00467231,0.62948772,0.00294116
2018-01-21 03:09:41,sell,0.00461193,1.00000000,0.00461193
2018-01-21 03:09:48,sell,0.00461193,1.00000000,0.00461193
2018-01-21 03:09:56,sell,0.00461193,1.00000000,0.00461193
2018-01-21 03:14:41,buy,0.00466811,0.23095355,0.00107811
2018-01-21 03:14:41,buy,0.00466812,5.39895440,0.02520296
2018-01-21 03:15:59,buy,0.00461250,0.02858267,0.00013183
2018-01-21 03:15:59,buy,0.00466770,0.00901733,0.00004209
2018-01-21 03:23:03,sell,0.00463830,0.05726452,0.00026561
2018-01-21 03:25:19,buy,0.00463827,10.67254161,0.04950212
2018-01-21 03:27:39,sell,0.00462510,0.14535034,0.00067225
2018-01-21 03:27:39,sell,0.00461198,37.25108823,0.17180127
2018-01-21 03:31:20,sell,0.00461197,7.06890540,0.03260157
2018-01-21 03:31:20,sell,0.00461196,77.38900000,0.35691497
2018-01-21 03:37:33,buy,0.00466256,0.05484129,0.00025570
2018-01-21 03:51:51,sell,0.00463198,0.21402943,0.00099138
2018-01-21 04:02:50,sell,0.00461193,0.61877870,0.00285376
2018-01-21 04:16:48,buy,0.00464868,0.21370839,0.00099346
2018-01-21 04:16:48,sell,0.00465225,1.76823000,0.00822624
2018-01-21 04:17:03,sell,0.00465225,0.00945502,0.00004398
2018-01-21 04:23:39,sell,0.00463201,0.16772256,0.00077689
2018-01-21 04:23:39,buy,0.00462458,0.03760000,0.00017388
2018-01-21 04:23:40,buy,0.00462458,0.02205998,0.00010201
2018-01-21 04:23:45,sell,0.00461404,0.77000000,0.00355281
2018-01-21 04:30:20,buy,0.00463000,6.47948164,0.02999999
2018-01-21 04:33:10,sell,0.00461992,0.79875228,0.00369017
2018-01-21 04:34:41,sell,0.00461992,5.99289169,0.02768668
2018-01-21 04:35:22,sell,0.00461994,10.00000000,0.04619940
2018-01-21 04:35:29,sell,0.00461994,10.00000000,0.04619940
2018-01-21 04:35:37,sell,0.00461994,10.00000000,0.04619940
2018-01-21 04:35:44,sell,0.00461994,8.29000000,0.03829930
2018-01-21 04:42:27,sell,0.00462001,0.71000000,0.00328020
2018-01-21 04:46:11,sell,0.00464580,8.03196000,0.03731487
2018-01-21 04:46:14,sell,0.00464580,1.12000000,0.00520329
2018-01-21 04:46:15,sell,0.00464580,0.03497922,0.00016250
2018-01-21 04:46:24,sell,0.00464580,0.81306078,0.00377731
2018-01-21 04:46:33,sell,0.00462461,0.19000000,0.00087867
2018-01-21 04:48:26,buy,0.00462462,2.01531800,0.00932007
2018-01-21 04:50:00,buy,0.00465000,0.05218104,0.00024264
2018-01-21 04:57:16,sell,0.00462071,0.15853191,0.00073252
2018-01-21 04:57:16,sell,0.00462001,9.84146809,0.04546768
2018-01-21 04:57:23,sell,0.00462001,10.00000000,0.04620010
2018-01-21 04:57:32,sell,0.00462001,0.02453191,0.00011333
2018-01-21 04:57:32,sell,0.00462001,0.07074011,0.00032682
2018-01-21 04:57:32,sell,0.00462001,0.03246746,0.00014999
2018-01-21 04:57:32,sell,0.00462001,9.87226052,0.04560994
2018-01-21 04:57:38,sell,0.00462001,10.00000000,0.04620010
2018-01-21 04:57:48,sell,0.00462001,10.00000000,0.04620010
2018-01-21 04:57:56,sell,0.00462001,10.00000000,0.04620010
2018-01-21 04:58:03,sell,0.00462001,10.00000000,0.04620010
2018-01-21 04:58:09,sell,0.00462001,3.66000000,0.01690923
2018-01-21 04:58:12,sell,0.00462001,12.72173948,0.05877456
2018-01-21 04:58:12,sell,0.00462001,29.24644438,0.13511886
2018-01-21 04:58:12,buy,0.00462001,3.66000000,0.01690923
2018-01-21 04:58:13,buy,0.00465000,0.03760000,0.00017484
2018-01-21 04:58:26,sell,0.00462002,9.08400000,0.04196826
2018-01-21 04:58:26,sell,0.00462000,5.00000000,0.02310000
2018-01-21 04:58:50,sell,0.00461628,0.21521659,0.00099350
2018-01-21 04:58:52,buy,0.00461628,0.21486177,0.00099186
2018-01-21 04:58:56,sell,0.00461628,0.20165448,0.00093089
2018-01-21 04:59:00,sell,0.00461193,0.37000000,0.00170641
2018-01-21 04:59:16,sell,0.00461194,0.20165448,0.00093001
2018-01-21 04:59:16,sell,0.00461193,0.08834552,0.00040744
2018-01-21 05:00:17,sell,0.00461192,6.27019115,0.02891761
2018-01-21 05:00:36,sell,0.00461190,4.47869315,0.02065528
2018-01-21 05:00:44,sell,0.00461190,3.96603000,0.01829093
2018-01-21 05:00:46,sell,0.00461190,4.26380622,0.01966424
2018-01-21 05:00:47,buy,0.00461190,0.03760000,0.00017340
2018-01-21 05:00:51,buy,0.00461000,0.03760000,0.00017333
2018-01-21 05:00:52,sell,0.00460051,1.97000000,0.00906300
2018-01-21 05:02:26,sell,0.00460054,20.00000000,0.09201080
2018-01-21 05:02:39,buy,0.00461190,0.86869943,0.00400635
2018-01-21 05:02:41,buy,0.00461190,0.86905068,0.00400797
2018-01-21 05:02:43,buy,0.00461190,0.08141203,0.00037546
2018-01-21 05:03:04,buy,0.00461190,15.18083786,0.07001250
2018-01-21 05:04:20,sell,0.00462614,3.57642000,0.01654501
2018-01-21 05:04:31,sell,0.00462614,0.00816392,0.00003776
2018-01-21 05:04:36,sell,0.00460512,0.99000000,0.00455906
2018-01-21 05:08:19,buy,0.00462614,1.36812764,0.00632915
2018-01-21 05:08:23,buy,0.00462614,4.82094634,0.02230237
2018-01-21 05:09:35,buy,0.00462614,0.54040733,0.00249999
2018-01-21 05:10:32,sell,0.00460050,1.70000000,0.00782085
2018-01-21 05:10:39,sell,0.00460050,0.21497381,0.00098898
2018-01-21 05:10:47,sell,0.00460050,0.08502619,0.00039116
2018-01-21 05:10:47,sell,0.00460050,0.91497381,0.00420933
2018-01-21 05:11:10,buy,0.00462614,0.33700000,0.00155900
2018-01-21 05:11:31,sell,0.00460050,0.08502619,0.00039116
2018-01-21 05:11:32,sell,0.00460045,1.71317381,0.00788137
2018-01-21 05:11:46,buy,0.00460050,0.99988796,0.00459998
2018-01-21 05:11:47,buy,0.00460050,0.00011204,0.00000051
2018-01-21 05:11:47,buy,0.00462614,0.03748796,0.00017342
2018-01-21 05:13:52,sell,0.00460045,0.98901000,0.00454989
2018-01-21 05:13:53,sell,0.00460045,0.00224295,0.00001031
2018-01-21 05:13:54,buy,0.00460045,0.71119654,0.00327182
2018-01-21 05:13:54,buy,0.00460045,0.03760000,0.00017297
2018-01-21 05:13:55,buy,0.00462613,0.99966755,0.00462459
2018-01-21 05:13:58,sell,0.00460023,0.11673872,0.00053702
2018-01-21 05:14:04,sell,0.00460000,0.13000000,0.00059800
2018-01-21 05:14:40,sell,0.00461329,0.03594720,0.00016583
2018-01-21 05:14:45,sell,0.00460000,0.01077880,0.00004958
2018-01-21 05:14:45,sell,0.00460000,0.12824224,0.00058991
2018-01-21 05:14:45,sell,0.00460000,0.17031557,0.00078345
2018-01-21 05:14:45,sell,0.00460000,0.13482682,0.00062020
2018-01-21 05:14:45,sell,0.00460000,0.12987170,0.00059740
2018-01-21 05:14:45,sell,0.00460000,0.12926899,0.00059463
2018-01-21 05:14:45,sell,0.00460000,0.25669588,0.00118080
2018-01-21 05:15:53,sell,0.00460459,1.00000000,0.00460459
2018-01-21 05:16:39,sell,0.00460459,4.43000000,0.02039833
2018-01-21 05:20:31,sell,0.00460000,0.16695186,0.00076797
2018-01-21 05:20:31,sell,0.00460000,0.36575625,0.00168247
2018-01-21 05:20:31,sell,0.00460000,0.14727500,0.00067746
2018-01-21 05:20:31,sell,0.00460000,0.30133958,0.00138616
2018-01-21 05:20:59,buy,0.00463306,0.42921839,0.00198859
2018-01-21 05:20:59,buy,0.00464561,1.06478161,0.00494656
2018-01-21 05:21:07,sell,0.00459947,0.69000000,0.00317363
2018-01-21 05:23:33,sell,0.00459947,0.53000000,0.00243771
2018-01-21 05:23:49,sell,0.00459947,1.37000000,0.00630127
2018-01-21 05:24:11,sell,0.00459947,1.00000000,0.00459947
2018-01-21 05:24:15,sell,0.00459947,14.81517000,0.06814192
2018-01-21 05:26:45,sell,0.00459947,2.57750957,0.01185517
2018-01-21 05:33:20,sell,0.00462164,25.35462000,0.11717992
2018-01-21 05:33:22,sell,0.00462164,3.96536775,0.01832650
2018-01-21 05:37:52,sell,0.00459947,0.87941000,0.00404481
2018-01-21 05:42:52,sell,0.00459947,5.69430000,0.02619076
2018-01-21 05:44:32,sell,0.00459947,8.00000000,0.03679576
2018-01-21 05:44:52,sell,0.00462202,0.29317538,0.00135506
2018-01-21 05:49:12,sell,0.00459947,3.29100000,0.01513685
2018-01-21 05:49:14,sell,0.00459947,3.10000000,0.01425835
2018-01-21 05:49:16,sell,0.00459947,1.40000000,0.00643925
2018-01-21 05:49:45,sell,0.00459947,3.08600000,0.01419396
2018-01-21 05:49:53,sell,0.00459947,1.00000000,0.00459947
2018-01-21 05:58:51,sell,0.00459947,1.73888094,0.00799793
2018-01-21 05:59:43,sell,0.00459947,4.99500000,0.02297435
2018-01-21 06:00:00,sell,0.00459947,4.99500000,0.02297435
2018-01-21 06:02:31,sell,0.00459947,4.99500000,0.02297435
2018-01-21 06:03:18,sell,0.00461074,9.10308987,0.04197198
2018-01-21 06:03:28,sell,0.00459947,21.47810040,0.09878787
2018-01-21 06:03:34,sell,0.00459947,1.95254550,0.00898067
2018-01-21 06:03:59,sell,0.00459947,10.00000000,0.04599470
2018-01-21 06:04:00,sell,0.00459947,8.43000000,0.03877353
2018-01-21 06:04:01,sell,0.00459947,10.00000000,0.04599470
2018-01-21 06:04:07,sell,0.00459947,9.00000000,0.04139523
2018-01-21 06:04:08,sell,0.00459947,10.00000000,0.04599470
2018-01-21 06:04:08,sell,0.00459947,10.00000000,0.04599470
2018-01-21 06:04:15,sell,0.00459947,9.00000000,0.04139523
2018-01-21 06:04:16,sell,0.00459947,10.00000000,0.04599470
2018-01-21 06:04:16,sell,0.00459947,10.00000000,0.04599470
2018-01-21 06:04:18,sell,0.00459947,39.89000000,0.18347285
2018-01-21 06:05:36,sell,0.00459947,1.66000000,0.00763512
2018-01-21 06:05:36,sell,0.00459947,6.24000000,0.02870069
2018-01-21 06:05:41,sell,0.00459947,6.24000000,0.02870069
2018-01-21 06:07:50,sell,0.00459947,20.32321431,0.09347601
2018-01-21 06:07:58,sell,0.00459947,1.00000000,0.00459947
2018-01-21 06:08:04,sell,0.00459947,0.51000000,0.00234572
2018-01-21 06:09:34,sell,0.00459947,1.99508887,0.00917635
2018-01-21 06:09:46,sell,0.00459947,4.67142612,0.02148608
2018-01-21 06:09:47,buy,0.00459947,1.30423714,0.00599879
2018-01-21 06:09:48,buy,0.00459947,1.30097654,0.00598380
2018-01-21 06:09:48,sell,0.00459946,1.19592083,0.00550059
2018-01-21 06:09:53,sell,0.00459048,0.21463526,0.00098527
2018-01-21 06:09:54,buy,0.00459048,0.21897957,0.00100522
2018-01-21 06:09:56,buy,0.00459048,0.01638517,0.00007521
2018-01-21 06:09:56,buy,0.00459946,0.02121483,0.00009757
2018-01-21 06:10:04,buy,0.00459946,0.30156986,0.00138705
2018-01-21 06:10:09,sell,0.00459946,0.21741683,0.00100000
2018-01-21 06:10:11,sell,0.00458497,0.03765846,0.00017266
2018-01-21 06:10:11,sell,0.00458209,4.10709696,0.01881908
2018-01-21 06:10:14,buy,0.00457947,0.03760000,0.00017218
2018-01-21 06:10:15,sell,0.00457658,0.02685005,0.00012288
2018-01-21 06:10:17,buy,0.00457658,0.03760000,0.00017207
2018-01-21 06:10:22,buy,0.00459946,0.64161662,0.00295108
2018-01-21 06:10:23,sell,0.00457658,0.02185038,0.00010000
2018-01-21 06:10:25,buy,0.00457658,0.03760000,0.00017207
2018-01-21 06:10:29,sell,0.00457654,0.32775836,0.00149999
2018-01-21 06:10:38,sell,0.00457490,0.21858369,0.00099999
2018-01-21 06:10:39,buy,0.00457490,0.03760000,0.00017201
2018-01-21 06:10:39,buy,0.00457490,0.05248080,0.00024009
2018-01-21 06:11:02,sell,0.00457448,0.09356270,0.00042800
2018-01-21 06:11:02,sell,0.00457050,0.10832294,0.00049508
2018-01-21 06:11:02,sell,0.00457000,0.60000088,0.00274200
2018-01-21 06:11:02,sell,0.00456980,0.08061841,0.00036841
2018-01-21 06:11:05,buy,0.00456900,0.03760000,0.00017179
2018-01-21 06:11:09,buy,0.00456900,0.93204639,0.00425851
2018-01-21 06:11:20,sell,0.00456561,1.00000000,0.00456561
2018-01-21 06:11:20,sell,0.00456472,0.04381429,0.00019999
2018-01-21 06:11:20,sell,0.00456469,0.04409548,0.00020128
2018-01-21 06:11:20,sell,0.00456099,2.50000000,0.01140247
2018-01-21 06:11:20,sell,0.00455806,1.26767528,0.00577813
2018-01-21 06:11:20,sell,0.00455756,0.43883130,0.00199999
2018-01-21 06:11:20,sell,0.00455335,0.17780000,0.00080958
2018-01-21 06:11:20,sell,0.00455298,0.04370000,0.00019896
2018-01-21 06:11:20,sell,0.00455248,0.04370000,0.00019894
2018-01-21 06:11:20,sell,0.00455194,0.04370000,0.00019891
2018-01-21 06:11:20,sell,0.00455117,0.04370000,0.00019888
2018-01-21 06:11:20,sell,0.00455000,0.10000000,0.00045500
2018-01-21 06:11:20,sell,0.00454887,0.04370000,0.00019878
2018-01-21 06:11:20,sell,0.00453912,0.03803884,0.00017266
2018-01-21 06:11:20,sell,0.00453806,1.28445104,0.00582891
2018-01-21 06:11:27,buy,0.00456900,0.21886627,0.00099999
2018-01-21 06:11:59,buy,0.00456900,1.09000000,0.00498021
2018-01-21 06:12:43,buy,0.00456900,3.30488071,0.01509999
2018-01-21 06:12:55,sell,0.00454022,0.10904317,0.00049507
2018-01-21 06:12:55,buy,0.00454022,0.28544200,0.00129596
2018-01-21 06:13:00,buy,0.00454022,0.00010999,0.00000049
2018-01-21 06:13:00,buy,0.00456900,0.03749001,0.00017129
2018-01-21 06:13:09,buy,0.00456900,5.04956091,0.02307144
2018-01-21 06:13:09,buy,0.00456900,1.93933835,0.00886083
2018-01-21 06:13:09,buy,0.00456900,4.13548351,0.01889502
2018-01-21 06:13:16,buy,0.00459938,0.26090473,0.00119999
2018-01-21 06:13:22,buy,0.00458660,0.09081535,0.00041653
2018-01-21 06:16:12,sell,0.00455702,0.09067768,0.00041322
2018-01-21 06:16:12,sell,0.00453808,0.33053626,0.00149999
2018-01-21 06:16:12,buy,0.00453808,77.15736998,0.35014631
2018-01-21 06:16:12,buy,0.00453808,11.02236100,0.05002035
2018-01-21 06:16:12,buy,0.00453808,0.00012042,0.00000054
2018-01-21 06:16:55,sell,0.00453806,2.37787297,0.01079093
2018-01-21 06:17:04,buy,0.00458407,12.18350603,0.05585004
2018-01-21 06:18:46,sell,0.00455520,0.05959782,0.00027147
2018-01-21 06:18:46,sell,0.00453809,8.19697999,0.03719863
2018-01-21 06:18:46,sell,0.00453806,2.24342219,0.01018078
2018-01-21 06:27:42,sell,0.00453807,0.21831911,0.00099074
2018-01-21 06:29:28,buy,0.00457676,0.10924759,0.00050000
2018-01-21 06:33:39,buy,0.00457676,7.41573076,0.03394001
2018-01-21 06:33:42,sell,0.00457676,3.51000000,0.01606442
2018-01-21 06:33:49,sell,0.00457676,0.00618833,0.00002832
2018-01-21 06:33:57,sell,0.00454793,0.09102163,0.00041396
2018-01-21 06:33:57,sell,0.00454793,0.07217130,0.00032823
2018-01-21 06:33:58,buy,0.00454793,0.03760000,0.00017100
2018-01-21 06:34:03,sell,0.00453808,0.79000000,0.00358508
2018-01-21 06:40:35,sell,0.00453808,0.50000000,0.00226904
2018-01-21 06:40:35,sell,0.00453807,1.38788516,0.00629832
2018-01-21 06:40:35,buy,0.00453807,5.01170000,0.02274344
2018-01-21 06:40:36,buy,0.00453807,0.03760000,0.00017063
2018-01-21 06:40:36,buy,0.00453807,5.00689575,0.02272164
2018-01-21 06:40:37,sell,0.00453806,1.77247200,0.00804358
2018-01-21 06:41:10,sell,0.00453806,8.00000000,0.03630448
2018-01-21 06:41:32,sell,0.00453806,0.20000000,0.00090761
2018-01-21 06:41:59,buy,0.00453807,0.22035799,0.00099999
2018-01-21 06:42:52,buy,0.00453807,0.02203580,0.00010000
2018-01-21 06:42:59,buy,0.00453807,0.22035799,0.00099999
2018-01-21 06:44:44,buy,0.00453807,0.28429493,0.00129015
2018-01-21 06:46:11,buy,0.00453807,0.38358157,0.00174072
2018-01-21 06:46:35,sell,0.00453806,0.25993049,0.00117958
2018-01-21 06:46:36,sell,0.00453806,17.53066833,0.07955522
2018-01-21 06:46:42,sell,0.00453806,0.20000000,0.00090761
2018-01-21 06:47:00,buy,0.00453807,10.73541122,0.04871804
2018-01-21 06:47:00,buy,0.00453807,0.18623715,0.00084515
2018-01-21 06:53:20,sell,0.00456702,0.16544433,0.00075558
2018-01-21 06:53:26,sell,0.00453806,0.38000000,0.00172446
2018-01-21 06:53:55,buy,0.00457617,0.09786568,0.00044784
2018-01-21 06:55:50,sell,0.00454666,0.09179486,0.00041736
2018-01-21 06:55:51,buy,0.00454666,0.03760000,0.00017095
2018-01-21 06:55:55,sell,0.00454597,0.07060000,0.00032094
2018-01-21 07:01:04,buy,0.00454500,0.51993900,0.00236312
2018-01-21 07:04:32,sell,0.00453807,1.00000000,0.00453807
2018-01-21 07:04:33,buy,0.00453807,0.03760000,0.00017063
2018-01-21 07:04:43,buy,0.00453807,0.02203580,0.00010000
2018-01-21 07:05:03,buy,0.00453807,0.02203580,0.00010000
2018-01-21 07:07:19,buy,0.00453807,0.02203580,0.00010000
2018-01-21 07:08:51,sell,0.00453806,11.38114980,0.05164834
2018-01-21 07:10:21,buy,0.00453807,3.38123400,0.01534427
2018-01-21 07:11:06,sell,0.00453806,0.20000000,0.00090761
2018-01-21 07:16:46,buy,0.00453807,0.00000043,0.00000000
2018-01-21 07:16:46,buy,0.00456880,0.21431331,0.00097915
2018-01-21 07:16:46,buy,0.00458130,0.11622326,0.00053245
2018-01-21 07:20:13,sell,0.00453807,0.31410298,0.00142542
2018-01-21 07:20:36,buy,0.00453807,0.68810772,0.00312268
2018-01-21 07:20:40,sell,0.00455900,10.00000000,0.04559000
2018-01-21 07:20:46,sell,0.00455900,7.39000000,0.03369101
2018-01-21 07:20:53,sell,0.00455900,0.13000000,0.00059267
2018-01-21 07:20:54,sell,0.00455900,10.00000000,0.04559000
2018-01-21 07:20:59,sell,0.00455900,10.00000000,0.04559000
2018-01-21 07:21:01,sell,0.00455900,10.00000000,0.04559000
2018-01-21 07:21:09,sell,0.00455900,5.01000000,0.02284059
2018-01-21 07:21:18,sell,0.00455900,10.00000000,0.04559000
2018-01-21 07:21:28,sell,0.00455900,0.39233316,0.00178864
2018-01-21 07:21:32,sell,0.00453806,0.61000000,0.00276821
2018-01-21 07:21:41,sell,0.00453806,4.48000000,0.02033050
2018-01-21 07:21:48,sell,0.00453806,0.00424309,0.00001925
2018-01-21 07:21:48,sell,0.00453711,0.42964307,0.00194933
2018-01-21 07:21:49,buy,0.00453505,0.03760000,0.00017051
2018-01-21 07:21:51,buy,0.00453505,0.43371185,0.00196690
2018-01-21 07:21:55,sell,0.00453400,0.09000000,0.00040806
2018-01-21 07:22:05,buy,0.00457321,0.05890392,0.00026937
2018-01-21 07:23:56,sell,0.00453400,4.64546491,0.02106253
2018-01-21 07:28:57,buy,0.00456974,0.02455077,0.00011219
2018-01-21 07:28:59,buy,0.00456974,0.02473746,0.00011304
2018-01-21 07:29:21,sell,0.00453400,0.02426113,0.00010999
2018-01-21 07:32:26,sell,0.00455000,0.02848132,0.00012959
2018-01-21 07:32:32,sell,0.00453401,0.17150000,0.00077758
2018-01-21 07:33:16,sell,0.00453401,16.13308846,0.07314758
2018-01-21 07:35:56,sell,0.00453400,5.62000047,0.02548108
2018-01-21 07:37:01,sell,0.00453300,0.24586338,0.00111449
2018-01-21 07:37:01,sell,0.00453081,0.02712126,0.00012288
2018-01-21 07:37:01,sell,0.00453077,0.33106921,0.00149999
2018-01-21 07:37:01,sell,0.00453000,0.10000000,0.00045300
2018-01-21 07:37:01,sell,0.00452731,0.02211026,0.00010010
2018-01-21 07:37:01,sell,0.00452641,7.57068300,0.03426801
2018-01-21 07:37:01,sell,0.00452562,29.89102046,0.13527540
2018-01-21 07:37:01,buy,0.00452562,0.13313283,0.00060250
2018-01-21 07:37:03,buy,0.00452562,0.03760000,0.00017016
2018-01-21 07:37:03,buy,0.00452562,0.14677752,0.00066425
2018-01-21 07:37:30,sell,0.00452458,0.22101485,0.00099999
2018-01-21 07:37:30,sell,0.00452434,0.04410000,0.00019952
2018-01-21 07:37:30,sell,0.00452001,21.26500000,0.09611801
2018-01-21 07:37:30,sell,0.00452000,11.06194691,0.05000000
2018-01-21 07:37:30,sell,0.00452000,5.00000000,0.02260000
2018-01-21 07:37:30,sell,0.00451723,0.16750000,0.00075663
2018-01-21 07:37:30,sell,0.00451704,1.34373616,0.00606970
2018-01-21 07:37:30,sell,0.00451481,0.04420000,0.00019955
2018-01-21 07:37:30,sell,0.00451207,0.04420000,0.00019943
2018-01-21 07:37:30,sell,0.00451000,0.10000000,0.00045100
2018-01-21 07:37:30,sell,0.00451000,8.00000000,0.03608000
2018-01-21 07:37:30,sell,0.00450890,0.04430000,0.00019974
2018-01-21 07:37:30,sell,0.00450870,0.04430000,0.00019973
2018-01-21 07:37:30,sell,0.00450870,0.04430000,0.00019973
2018-01-21 07:37:30,sell,0.00450476,0.03765794,0.00016963
2018-01-21 07:37:30,sell,0.00450476,0.03765794,0.00016963
2018-01-21 07:37:30,sell,0.00450476,0.03765794,0.00016963
2018-01-21 07:37:30,sell,0.00450476,0.03771788,0.00016990
2018-01-21 07:37:30,sell,0.00450476,0.03762465,0.00016949
2018-01-21 07:37:30,sell,0.00450476,0.03100942,0.00013968
2018-01-21 07:37:30,sell,0.00450321,0.22206382,0.00100000
2018-01-21 07:37:30,sell,0.00450317,0.16654935,0.00075000
2018-01-21 07:37:30,sell,0.00450195,0.04410000,0.00019853
2018-01-21 07:37:30,sell,0.00450001,1.59228491,0.00716529
2018-01-21 07:37:30,sell,0.00450000,1.01000000,0.00454500
2018-01-21 07:37:30,sell,0.00450000,0.11111111,0.00049999
2018-01-21 07:37:30,sell,0.00450000,100.00000000,0.45000000
2018-01-21 07:37:30,sell,0.00450000,0.10000000,0.00045000
2018-01-21 07:37:30,sell,0.00450000,2.01230727,0.00905538
2018-01-21 07:37:30,sell,0.00450000,5.55556444,0.02500003
2018-01-21 07:37:30,sell,0.00450000,0.13306667,0.00059880
2018-01-21 07:37:30,sell,0.00450000,0.75301293,0.00338855
2018-01-21 07:37:30,sell,0.00450000,0.14087851,0.00063395
2018-01-21 07:37:30,sell,0.00450000,0.13255730,0.00059650
2018-01-21 07:37:30,sell,0.00450000,0.12608444,0.00056737
2018-01-21 07:37:30,sell,0.00450000,0.16733737,0.00075301
2018-01-21 07:37:30,sell,0.00450000,0.12711510,0.00057201
2018-01-21 07:37:30,sell,0.00450000,0.12770112,0.00057465
2018-01-21 07:37:30,sell,0.00450000,0.42364774,0.00190641
2018-01-21 07:37:30,sell,0.00450000,0.36575625,0.00164590
2018-01-21 07:37:30,sell,0.00450000,0.14727500,0.00066273
2018-01-21 07:37:30,sell,0.00450000,0.30133958,0.00135602
2018-01-21 07:37:30,sell,0.00450000,33.33333333,0.14999999
2018-01-21 07:37:30,sell,0.00450000,2.20000000,0.00990000
2018-01-21 07:37:30,sell,0.00449960,10.53713900,0.04741291
2018-01-21 07:37:30,sell,0.00449698,0.16750000,0.00075324
2018-01-21 07:37:30,sell,0.00449505,0.04420000,0.00019868
2018-01-21 07:37:30,sell,0.00449484,0.11285281,0.00050725
2018-01-21 07:37:30,sell,0.00449372,0.03842308,0.00017266
2018-01-21 07:37:30,sell,0.00449301,0.04420000,0.00019859
2018-01-21 07:37:30,sell,0.00449048,0.04430000,0.00019892
2018-01-21 07:37:30,sell,0.00449018,0.04430000,0.00019891
2018-01-21 07:37:30,sell,0.00449018,0.04430000,0.00019891
2018-01-21 07:37:30,sell,0.00448920,0.16247772,0.00072939
2018-01-21 07:37:30,sell,0.00448701,4.10709805,0.01842859
2018-01-21 07:37:30,sell,0.00448550,0.02739521,0.00012288
2018-01-21 07:37:30,sell,0.00448546,0.33441369,0.00149999
2018-01-21 07:37:30,sell,0.00447990,0.20089734,0.00089999
2018-01-21 07:37:30,sell,0.00447900,87.02811478,0.38979892
2018-01-21 07:37:34,sell,0.00447901,0.51163092,0.00229160
2018-01-21 07:37:34,sell,0.00447901,5.42435974,0.02429576
2018-01-21 07:37:35,buy,0.00449000,1.50867168,0.00677393
2018-01-21 07:37:35,buy,0.00449000,0.00008919,0.00000040
2018-01-21 07:37:41,sell,0.00449000,1.50867168,0.00677393
2018-01-21 07:37:41,sell,0.00449000,0.14338672,0.00064380
2018-01-21 07:37:59,sell,0.00449000,0.10003474,0.00044915
2018-01-21 07:37:59,buy,0.00449000,0.02996526,0.00013454
2018-01-21 07:38:02,buy,0.00453179,0.03096291,0.00014031
2018-01-21 07:38:05,sell,0.00453179,0.22367120,0.00101363
2018-01-21 07:38:05,sell,0.00449000,0.02996526,0.00013454
2018-01-21 07:38:05,buy,0.00449000,0.07309305,0.00032818
2018-01-21 07:38:06,buy,0.00449000,3.04616500,0.01367728
2018-01-21 07:38:06,buy,0.00449000,0.49662136,0.00222982
2018-01-21 07:38:08,buy,0.00456406,0.78881500,0.00360019
2018-01-21 07:38:08,buy,0.00456407,0.32087642,0.00146450
2018-01-21 07:43:09,sell,0.00450476,0.09461103,0.00042619
2018-01-21 07:43:09,sell,0.00450476,0.09481304,0.00042710
2018-01-21 07:43:09,sell,0.00450408,0.05372240,0.00024196
2018-01-21 07:43:10,buy,0.00450340,2.90877193,0.01309936
2018-01-21 07:43:11,buy,0.00453154,0.03760000,0.00017038
2018-01-21 07:43:15,buy,0.00450340,0.11813296,0.00053199
2018-01-21 07:43:18,sell,0.00450125,3.05772169,0.01376356
2018-01-21 07:43:38,sell,0.00450125,0.35146352,0.00158202
2018-01-21 07:43:39,buy,0.00449989,2.97042607,0.01336659
2018-01-21 07:43:41,buy,0.00449989,0.00009433,0.00000042
2018-01-21 07:43:41,buy,0.00453116,1.54640567,0.00700701
2018-01-21 07:43:41,buy,0.00453116,0.03760000,0.00017037
2018-01-21 07:44:13,sell,0.00447900,24.60394594,0.11020107
2018-01-21 07:44:13,sell,0.00447800,4.46627958,0.01999999
2018-01-21 07:44:13,sell,0.00447700,1.55150636,0.00694609
2018-01-21 07:45:27,buy,0.00452510,0.26025247,0.00117766
2018-01-21 07:45:32,buy,0.00452510,0.25061101,0.00113403
2018-01-21 07:46:53,sell,0.00451825,13.39559883,0.06052466
2018-01-21 07:46:53,sell,0.00447700,1.79895153,0.00805390
2018-01-21 07:46:53,sell,0.00447700,18.00000000,0.08058600
2018-01-21 07:46:53,sell,0.00447700,12.78031824,0.05721748
2018-01-21 07:48:13,sell,0.00447639,1.42436204,0.00637599
2018-01-21 07:48:13,sell,0.00447480,0.22347319,0.00099999
2018-01-21 07:48:13,sell,0.00447001,8.89091275,0.03974246
2018-01-21 07:48:33,sell,0.00447001,1.25397066,0.00560526
2018-01-21 07:50:47,sell,0.00447003,12.75187970,0.05700128
2018-01-21 07:50:48,buy,0.00447003,8.06338596,0.03604357
2018-01-21 07:50:53,sell,0.00447002,0.33004046,0.00147528
2018-01-21 07:52:01,buy,0.00454468,0.43964644,0.00199805
2018-01-21 07:54:24,sell,0.00448181,9.97500000,0.04470605
2018-01-21 07:59:22,buy,0.00453605,0.08802778,0.00039929
2018-01-21 07:59:53,buy,0.00453571,0.17605556,0.00079853
2018-01-21 07:59:59,sell,0.00448182,0.33468546,0.00149999
2018-01-21 08:00:00,sell,0.00448181,1.12000000,0.00501962
2018-01-21 08:00:00,sell,0.00448124,2.72780652,0.01222395
2018-01-21 08:00:04,sell,0.00448124,9.50050648,0.04257404
2018-01-21 08:00:09,buy,0.00448182,10.47181051,0.04693276
2018-01-21 08:00:17,sell,0.00448124,5.18956703,0.02325569
2018-01-21 08:00:26,sell,0.00448124,9.97954747,0.04472074
2018-01-21 08:00:36,sell,0.00448124,5.55529997,0.02489463
2018-01-21 08:00:46,sell,0.00448125,7.07647554,0.03171145
2018-01-21 08:02:07,buy,0.00453058,0.33418344,0.00151404
2018-01-21 08:02:07,buy,0.00453058,0.72260673,0.00327382
2018-01-21 08:02:07,buy,0.00453059,3.14320983,0.01424059
2018-01-21 08:02:22,buy,0.00453049,0.41671559,0.00188792
2018-01-21 08:05:00,sell,0.00448139,0.74931884,0.00335798
2018-01-21 08:05:00,sell,0.00448138,0.33471832,0.00149999
2018-01-21 08:05:00,sell,0.00448124,26.79943644,0.12009470
2018-01-21 08:05:18,sell,0.00448124,31.20756356,0.13984858
2018-01-21 08:05:18,sell,0.00448124,0.56504123,0.00253208
2018-01-21 08:05:39,sell,0.00448125,20.06365585,0.08991025
2018-01-21 08:06:06,buy,0.00450684,0.38350818,0.00172841
2018-01-21 08:07:25,sell,0.00448125,0.17533297,0.00078571
2018-01-21 08:12:19,sell,0.00448124,0.43038793,0.00192867
2018-01-21 08:16:17,buy,0.00451836,0.86162619,0.00389313
2018-01-21 08:16:51,buy,0.00454784,0.10554437,0.00047999
2018-01-21 08:20:03,sell,0.00451840,0.55583207,0.00251147
2018-01-21 08:28:55,sell,0.00451838,0.30000000,0.00135551
2018-01-21 08:28:56,sell,0.00451836,0.36572967,0.00165249
2018-01-21 08:29:14,sell,0.00451836,0.67521693,0.00305087
2018-01-21 08:29:34,sell,0.00451836,0.13285599,0.00060029
2018-01-21 08:29:40,sell,0.00448565,0.34537863,0.00154924
2018-01-21 08:33:13,buy,0.00451839,0.22867188,0.00103322
2018-01-21 08:33:13,buy,0.00451840,0.12162812,0.00054956
2018-01-21 08:33:41,buy,0.00451840,0.22118982,0.00099942
2018-01-21 08:33:50,sell,0.00451840,0.41567381,0.00187818
2018-01-21 08:40:48,sell,0.00451840,0.36313637,0.00164079
2018-01-21 08:44:35,sell,0.00449129,0.22406257,0.00100632
2018-01-21 08:44:36,buy,0.00449129,0.03760000,0.00016887
2018-01-21 08:44:38,buy,0.00449129,1.27177270,0.00571190
2018-01-21 08:44:38,buy,0.00451840,0.27462730,0.00124087
2018-01-21 08:46:55,buy,0.00451824,0.22372648,0.00101084
2018-01-21 08:47:50,buy,0.00451840,0.80000000,0.00361472
2018-01-21 08:49:59,buy,0.00451840,4.21935880,0.01906475
2018-01-21 08:51:06,buy,0.00453425,0.60888866,0.00276085
2018-01-21 08:53:01,buy,0.00453306,15.88713945,0.07201735
2018-01-21 08:53:01,buy,0.00453310,0.62631055,0.00283912
2018-01-21 08:53:01,buy,0.00453311,47.68633974,0.21616742
2018-01-21 08:53:21,buy,0.00453305,0.55499833,0.00251583
2018-01-21 08:53:21,buy,0.00453468,2.21391100,0.01003937
2018-01-21 08:53:21,buy,0.00454911,10.51079614,0.04781476
2018-01-21 08:53:21,buy,0.00455414,8.00000000,0.03643312
2018-01-21 08:53:21,buy,0.00456391,0.25866791,0.00118053
2018-01-21 08:53:21,buy,0.00458919,1.58989649,0.00729633
2018-01-21 08:53:21,buy,0.00458920,16.21244997,0.07440217
2018-01-21 08:54:36,sell,0.00456167,0.18393483,0.00083904
2018-01-21 08:54:42,sell,0.00451885,0.57703020,0.00260751
2018-01-21 08:54:49,sell,0.00451886,0.42000000,0.00189792
2018-01-21 08:56:25,buy,0.00455147,0.57616466,0.00262239
2018-01-21 08:56:25,buy,0.00455147,0.74819487,0.00340538
2018-01-21 08:56:25,buy,0.00458898,42.56454030,0.19532782
2018-01-21 08:56:25,sell,0.00458899,7.32267000,0.03360365
2018-01-21 08:56:25,sell,0.00458899,0.03760000,0.00017254
2018-01-21 08:56:26,sell,0.00458899,10.00000000,0.04588990
2018-01-21 08:56:27,sell,0.00458899,47.06900000,0.21599917
2018-01-21 08:56:27,sell,0.00458899,8.00000000,0.03671192
2018-01-21 08:56:27,sell,0.00458899,14.42955461,0.06621708
2018-01-21 08:56:27,sell,0.00449525,32.63944539,0.14672246
2018-01-21 08:56:28,sell,0.00449523,15.69000000,0.07053015
2018-01-21 08:56:33,sell,0.00449524,1.78216736,0.00801127
2018-01-21 08:56:33,sell,0.00449524,0.53835168,0.00242002
2018-01-21 08:56:33,buy,0.00449524,0.03760000,0.00016902
2018-01-21 08:56:34,buy,0.00449524,7.64188096,0.03435208
2018-01-21 08:56:36,buy,0.00457752,1.54640000,0.00707867
2018-01-21 09:02:02,buy,0.00457524,0.09264367,0.00042386
2018-01-21 09:03:27,sell,0.00454713,0.55944000,0.00254384
2018-01-21 09:03:28,sell,0.00454713,0.00737792,0.00003354
2018-01-21 09:03:35,sell,0.00454711,0.03739518,0.00017003
2018-01-21 09:03:35,sell,0.00454711,0.03739518,0.00017003
2018-01-21 09:17:42,sell,0.00452159,0.12320000,0.00055705
2018-01-21 09:17:49,buy,0.00457036,0.02406784,0.00010999
2018-01-21 09:18:05,sell,0.00452171,0.20000000,0.00090434
2018-01-21 09:18:27,sell,0.00452180,0.15000000,0.00067827
2018-01-21 09:20:24,sell,0.00452236,0.20000000,0.00090447
2018-01-21 09:20:57,sell,0.00452256,0.20000000,0.00090451
2018-01-21 09:21:35,sell,0.00452275,0.15000000,0.00067841
2018-01-21 09:22:07,sell,0.00452291,0.20000000,0.00090458
2018-01-21 09:26:25,sell,0.00452407,0.17840000,0.00080709
2018-01-21 09:27:36,sell,0.00452423,0.20000000,0.00090484
2018-01-21 09:27:53,sell,0.00452431,0.15000000,0.00067864
2018-01-21 09:28:05,sell,0.00452436,0.20000000,0.00090487
2018-01-21 09:28:32,sell,0.00452448,0.15000000,0.00067867
2018-01-21 09:29:11,sell,0.00452291,0.11560000,0.00052284
2018-01-21 09:29:38,sell,0.00452291,0.15000000,0.00067843
2018-01-21 09:29:52,sell,0.00452291,0.20000000,0.00090458
2018-01-21 09:30:05,sell,0.00452298,14.92803049,0.06751918
2018-01-21 09:30:05,sell,0.00452296,8.25151161,0.03732125
2018-01-21 09:30:22,buy,0.00452444,0.46115288,0.00208645
2018-01-21 09:30:25,sell,0.00451148,0.15000000,0.00067672
2018-01-21 09:31:16,buy,0.00452444,0.00160092,0.00000724
2018-01-21 09:35:36,sell,0.00452545,0.44642670,0.00202028
2018-01-21 09:57:43,sell,0.00456011,0.57942000,0.00264221
2018-01-21 09:57:44,sell,0.00456011,8.00000000,0.03648088
2018-01-21 09:57:46,sell,0.00456011,1.03471880,0.00471843
2018-01-21 09:57:52,sell,0.00456011,1.02571845,0.00467738
2018-01-21 09:57:59,sell,0.00456011,9.36014275,0.04268328
2018-01-21 09:57:59,sell,0.00452545,0.17085725,0.00077320
2018-01-21 09:58:07,sell,0.00452546,10.00000000,0.04525460
2018-01-21 09:58:53,sell,0.00450941,0.71830090,0.00323911
2018-01-21 09:59:00,sell,0.00450001,0.10000000,0.00045000
2018-01-21 09:59:03,buy,0.00450001,1.54650000,0.00695926
2018-01-21 09:59:05,sell,0.00450000,7.64000000,0.03438000
2018-01-21 10:00:37,sell,0.00450000,3.36000000,0.01512000
2018-01-21 10:03:07,sell,0.00447969,20.00000000,0.08959380
2018-01-21 10:03:16,sell,0.00447972,4.15232524,0.01860125
2018-01-21 10:03:18,buy,0.00447971,0.03760000,0.00016843
2018-01-21 10:03:19,buy,0.00447971,0.80996633,0.00362841
2018-01-21 10:03:19,buy,0.00447971,0.00010843,0.00000048
2018-01-21 10:03:19,buy,0.00452235,1.54650000,0.00699381
2018-01-21 10:03:34,sell,0.00447955,0.22323894,0.00100000
2018-01-21 10:03:34,sell,0.00447950,0.04440000,0.00019888
2018-01-21 10:03:34,sell,0.00447945,0.04440000,0.00019888
2018-01-21 10:03:34,sell,0.00447931,0.04440000,0.00019888
2018-01-21 10:03:34,sell,0.00447905,0.04440000,0.00019886
2018-01-21 10:03:34,sell,0.00447889,0.14730000,0.00065974
2018-01-21 10:03:34,sell,0.00447881,0.04440000,0.00019885
2018-01-21 10:03:34,sell,0.00447632,14.18200000,0.06348317
2018-01-21 10:03:34,sell,0.00447631,10.62839078,0.04757597
2018-01-21 10:03:34,sell,0.00447488,0.04450000,0.00019913
2018-01-21 10:03:34,sell,0.00447000,5.22475391,0.02335464
2018-01-21 10:03:34,sell,0.00445549,0.23507506,0.00104737
2018-01-21 10:03:34,sell,0.00445246,1.11822282,0.00497884
2018-01-21 10:03:34,sell,0.00445163,0.04440000,0.00019765
2018-01-21 10:03:34,sell,0.00445145,0.04440000,0.00019764
2018-01-21 10:03:34,sell,0.00445137,0.04440000,0.00019764
2018-01-21 10:03:35,sell,0.00445122,0.04440000,0.00019763
2018-01-21 10:03:35,sell,0.00445112,0.06991849,0.00031121
2018-01-21 10:03:36,sell,0.00445112,0.07738151,0.00034443
2018-01-21 10:03:36,sell,0.00445112,0.92261849,0.00410668
2018-01-21 10:03:36,sell,0.00445113,0.55458277,0.00246852
2018-01-21 10:03:36,sell,0.00445112,6.92285756,0.03081446
2018-01-21 10:03:36,sell,0.00445093,0.04440000,0.00019762
2018-01-21 10:03:36,sell,0.00444879,0.03881119,0.00017266
2018-01-21 10:03:36,sell,0.00444819,0.04450000,0.00019794
2018-01-21 10:03:36,sell,0.00444064,0.02767192,0.00012288
2018-01-21 10:03:36,sell,0.00444060,0.33779177,0.00149999
2018-01-21 10:03:36,sell,0.00443610,1.50982394,0.00669772
2018-01-21 10:03:36,sell,0.00442830,0.03387531,0.00015001
2018-01-21 10:03:36,sell,0.00442747,0.21098389,0.00093412
2018-01-21 10:03:36,sell,0.00442558,0.22595872,0.00099999
2018-01-21 10:03:36,sell,0.00441397,6.84101888,0.03019605
2018-01-21 10:03:36,sell,0.00441000,3.40136054,0.01499999
2018-01-21 10:03:36,sell,0.00440515,1.00000000,0.00440515
2018-01-21 10:03:36,sell,0.00440430,0.03920322,0.00017266
2018-01-21 10:03:36,sell,0.00440030,11.04016029,0.04858001
2018-01-21 10:03:37,buy,0.00447955,0.03760000,0.00016843
2018-01-21 10:03:38,buy,0.00447954,0.03760000,0.00016843
2018-01-21 10:03:38,buy,0.00447954,0.51615090,0.00231211
2018-01-21 10:03:38,buy,0.00447955,0.96240000,0.00431111
2018-01-21 10:03:38,buy,0.00452229,0.06794910,0.00030728
2018-01-21 10:03:40,sell,0.00445114,1.50000000,0.00667671
2018-01-21 10:03:41,sell,0.00445114,8.85100000,0.03939704
2018-01-21 10:03:41,sell,0.00445114,5.70700000,0.02540265
2018-01-21 10:03:42,sell,0.00445115,10.00000000,0.04451150
2018-01-21 10:03:46,sell,0.00445117,0.45526906,0.00202647
2018-01-21 10:03:46,sell,0.00445116,0.75440783,0.00335798
2018-01-21 10:03:46,sell,0.00445116,6.48390511,0.02886089
2018-01-21 10:03:50,sell,0.00445120,0.34264019,0.00152516
2018-01-21 10:03:50,sell,0.00445114,0.11233077,0.00049999
2018-01-21 10:03:50,sell,0.00442379,0.05771296,0.00025531
2018-01-21 10:03:50,sell,0.00442379,0.00000077,0.00000000
2018-01-21 10:03:56,buy,0.00445035,0.03760000,0.00016733
2018-01-21 10:03:58,buy,0.00445035,0.02002717,0.00008912
2018-01-21 10:03:58,buy,0.00452217,0.01757283,0.00007946
2018-01-21 10:03:59,sell,0.00442379,0.05770088,0.00025525
2018-01-21 10:04:00,buy,0.00440527,0.69438953,0.00305897
2018-01-21 10:04:01,buy,0.00440527,0.03760000,0.00016563
2018-01-21 10:04:02,buy,0.00440526,6.51629072,0.02870595
2018-01-21 10:04:02,buy,0.00440526,1.54650000,0.00681273
2018-01-21 10:04:04,buy,0.00440526,0.50000000,0.00220263
2018-01-21 10:04:04,sell,0.00440047,0.08754843,0.00038525
2018-01-21 10:04:04,sell,0.00440046,0.41245156,0.00181497
2018-01-21 10:04:04,buy,0.00440526,0.03760000,0.00016563
2018-01-21 10:04:06,sell,0.00440047,0.08748229,0.00038496
2018-01-21 10:04:06,sell,0.00440046,0.52408955,0.00230623
2018-01-21 10:04:06,buy,0.00440047,0.12251771,0.00053913
2018-01-21 10:04:07,sell,0.00440054,1.36357542,0.00600046
2018-01-21 10:04:07,buy,0.00445034,0.34947500,0.00155528
2018-01-21 10:04:07,buy,0.00452212,1.19702500,0.00541309
2018-01-21 10:04:10,buy,0.00445033,0.03760000,0.00016733
2018-01-21 10:04:10,buy,0.00445033,0.71567622,0.00318499
2018-01-21 10:04:10,buy,0.00445035,0.05761433,0.00025640
2018-01-21 10:04:10,buy,0.00452211,0.77320945,0.00349653
2018-01-21 10:05:36,buy,0.00442757,0.58145363,0.00257442
2018-01-21 10:05:36,buy,0.00442757,0.00594687,0.00002633
2018-01-21 10:05:36,buy,0.00452127,0.03165313,0.00014311
2018-01-21 10:05:46,buy,0.00452115,0.58000000,0.00262226
2018-01-21 10:10:08,buy,0.00451802,0.18376815,0.00083026
2018-01-21 10:10:08,buy,0.00451803,0.81873811,0.00369908
2018-01-21 10:10:09,buy,0.00451803,5.64128056,0.02548747
2018-01-21 10:10:09,buy,0.00451803,4.70151687,0.02124159
2018-01-21 10:10:09,buy,0.00451804,1.37848313,0.00622804
2018-01-21 10:10:10,sell,0.00451802,0.45458616,0.00205382
2018-01-21 10:10:10,buy,0.00451803,8.24326010,0.03724329
2018-01-21 10:10:10,buy,0.00451804,44.75673990,0.20221274
2018-01-21 10:10:11,sell,0.00451803,1.48523981,0.00671035
2018-01-21 10:10:15,buy,0.00451804,0.32541384,0.00147023
2018-01-21 10:10:16,buy,0.00451801,9.67000000,0.04368915
2018-01-21 10:10:37,buy,0.00451791,6.51629072,0.02944001
2018-01-21 10:10:39,buy,0.00451791,6.50000000,0.02936641
2018-01-21 10:10:40,buy,0.00451791,5.28000000,0.02385456
2018-01-21 10:11:25,buy,0.00447711,0.09975000,0.00044659
2018-01-21 10:11:26,buy,0.00451766,1.54650000,0.00698656
2018-01-21 10:11:28,buy,0.00451762,2.90025000,0.01310222
2018-01-21 10:25:45,buy,0.00452207,0.11216228,0.00050720
2018-01-21 10:25:51,buy,0.00452300,0.08220000,0.00037179
2018-01-21 10:26:19,sell,0.00449052,0.05649012,0.00025367
2018-01-21 10:26:19,sell,0.00446814,1.24129314,0.00554627
2018-01-21 10:28:27,buy,0.00451692,0.19440000,0.00087808
2018-01-21 10:28:38,buy,0.00451688,0.19440000,0.00087808
2018-01-21 10:29:09,buy,0.00451671,0.19450000,0.00087850
2018-01-21 10:29:37,buy,0.00451656,19.65247000,0.08876155
2018-01-21 10:33:34,buy,0.00452283,25.00000000,0.11307075
2018-01-21 10:36:38,buy,0.00452300,0.50000000,0.00226150
2018-01-21 10:43:57,buy,0.00453743,0.06611672,0.00029999
2018-01-21 10:46:48,sell,0.00451021,0.07500094,0.00033826
2018-01-21 10:48:51,buy,0.00454200,0.08365828,0.00037997
2018-01-21 10:48:51,buy,0.00456647,3.84327640,0.01755020
2018-01-21 10:48:55,buy,0.00454200,0.48436811,0.00219999
2018-01-21 10:49:48,buy,0.00454200,0.19500000,0.00088569
2018-01-21 10:50:25,buy,0.00454200,0.03785534,0.00017193
2018-01-21 10:50:26,sell,0.00454200,0.03760000,0.00017077
2018-01-21 10:50:31,buy,0.00456647,0.11900000,0.00054340
2018-01-21 10:50:52,sell,0.00451476,0.03005045,0.00013567
2018-01-21 10:56:02,sell,0.00451542,18.96450396,0.08563270
2018-01-21 11:05:08,buy,0.00456307,26.61859827,0.12146252
2018-01-21 11:24:28,buy,0.00455754,0.04981943,0.00022705
2018-01-21 11:33:04,sell,0.00452681,0.06603401,0.00029892
2018-01-21 11:35:30,buy,0.00456151,0.41985268,0.00191516
2018-01-21 11:44:54,sell,0.00452737,0.14866223,0.00067304
2018-01-21 11:44:54,sell,0.00452737,0.59647096,0.00270044
2018-01-21 11:50:18,buy,0.00455620,0.21437420,0.00097673
2018-01-21 11:50:18,buy,0.00455894,0.20970670,0.00095604
2018-01-21 11:50:18,buy,0.00455900,1.00000000,0.00455900
2018-01-21 11:50:18,buy,0.00456573,6.37591910,0.02911072
2018-01-21 11:50:20,buy,0.00456573,0.13426929,0.00061303
2018-01-21 11:50:20,buy,0.00456576,0.13058589,0.00059622
2018-01-21 11:50:20,buy,0.00456648,4.82514482,0.02203392
2018-01-21 11:51:00,sell,0.00453372,0.03760000,0.00017046
2018-01-21 11:52:59,sell,0.00453825,0.03760000,0.00017063
2018-01-21 11:53:54,sell,0.00454445,0.03760000,0.00017087
2018-01-21 11:56:08,sell,0.00453829,0.69825000,0.00316886
2018-01-21 11:59:12,sell,0.00453916,2.83379984,0.01286307
2018-01-21 12:00:42,buy,0.00456480,0.02409869,0.00011000
2018-01-21 12:00:56,buy,0.00456476,0.54186901,0.00247350
2018-01-21 12:00:56,buy,0.00456648,4.37339782,0.01997103
2018-01-21 12:07:16,sell,0.00455403,0.03760000,0.00017123
2018-01-21 12:10:38,sell,0.00456300,0.03760000,0.00017156
2018-01-21 12:11:14,sell,0.00456300,5.87510874,0.02680812
2018-01-21 12:29:42,buy,0.00455300,0.50125313,0.00228220
2018-01-21 12:30:59,sell,0.00453707,2.01000000,0.00911951
2018-01-21 12:30:59,sell,0.00453707,21.90000000,0.09936183
2018-01-21 12:30:59,sell,0.00453706,17.25071848,0.07826754
2018-01-21 12:34:12,buy,0.00456648,1.40327715,0.00640803
2018-01-21 12:34:14,sell,0.00456648,0.03760000,0.00017169
2018-01-21 12:34:34,sell,0.00456648,0.03760000,0.00017169
2018-01-21 12:34:38,sell,0.00456648,0.21980710,0.00100374
2018-01-21 12:35:37,sell,0.00456648,0.49158628,0.00224481
2018-01-21 12:42:21,buy,0.00457234,20.84753936,0.09532203
2018-01-21 12:42:21,buy,0.00457237,17.02825976,0.07785950
2018-01-21 12:42:22,sell,0.00457238,0.88101406,0.00402833
2018-01-21 12:42:22,sell,0.00457238,0.03760000,0.00017192
2018-01-21 12:42:22,sell,0.00457238,0.87576406,0.00400432
2018-01-21 12:42:24,sell,0.00457238,0.02187045,0.00010000
2018-01-21 12:42:30,sell,0.00457238,0.24998449,0.00114302
2018-01-21 12:42:48,buy,0.00457440,0.07467818,0.00034160
2018-01-21 12:43:19,buy,0.00457896,0.36568389,0.00167445
2018-01-21 12:43:42,sell,0.00457896,0.02205741,0.00010099
2018-01-21 12:43:42,sell,0.00453983,0.01554259,0.00007056
2018-01-21 12:43:47,buy,0.00458517,3.14783780,0.01443337
2018-01-21 12:43:50,sell,0.00458517,0.03760000,0.00017240
2018-01-21 12:44:10,buy,0.00458517,0.58219462,0.00266946
2018-01-21 12:46:16,buy,0.00458518,1.48749777,0.00682044
2018-01-21 12:46:18,sell,0.00458518,0.86845603,0.00398202
2018-01-21 12:46:44,buy,0.00458548,0.22290409,0.00102212
2018-01-21 12:47:39,buy,0.00458900,2.00000000,0.00917800
2018-01-21 12:47:40,sell,0.00458905,6.61000000,0.03033362
2018-01-21 12:48:09,sell,0.00458905,0.03760000,0.00017254
2018-01-21 12:48:29,buy,0.00459069,0.16708637,0.00076704
2018-01-21 12:48:29,buy,0.00459069,0.13235847,0.00060761
2018-01-21 12:48:29,buy,0.00459069,0.12750957,0.00058535
2018-01-21 12:48:29,buy,0.00459069,0.12692443,0.00058267
2018-01-21 12:48:29,buy,0.00459069,0.12589532,0.00057794
2018-01-21 12:48:56,buy,0.00459274,0.10747994,0.00049362
2018-01-21 12:48:57,sell,0.00459274,13.30668000,0.06111412
2018-01-21 12:48:57,sell,0.00459274,0.03760000,0.00017268
2018-01-21 12:48:57,sell,0.00459274,3.70906300,0.01703476
2018-01-21 12:49:01,sell,0.00459274,1.20879000,0.00555165
2018-01-21 12:49:01,sell,0.00459274,8.00000000,0.03674192
2018-01-21 12:49:01,sell,0.00459274,1.00000000,0.00459274
2018-01-21 12:49:17,buy,0.00458900,9.00000000,0.04130100
2018-01-21 12:49:18,sell,0.00458900,5.29000000,0.02427581
2018-01-21 12:49:20,sell,0.00458900,1.13000000,0.00518557
2018-01-21 12:49:22,sell,0.00458900,0.00962301,0.00004415
2018-01-21 12:49:54,buy,0.00458499,0.02395079,0.00010981
2018-01-21 12:50:31,buy,0.00458499,0.54452270,0.00249663
2018-01-21 12:51:06,buy,0.00458497,2.17912400,0.00999121
2018-01-21 12:51:14,buy,0.00458497,0.22881838,0.00104912
2018-01-21 12:51:41,sell,0.00455245,0.43596306,0.00198470
2018-01-21 12:51:49,sell,0.00454772,0.21544419,0.00097977
2018-01-21 12:51:53,buy,0.00454772,0.05905581,0.00026856
2018-01-21 12:52:25,sell,0.00454772,0.15712759,0.00071457
2018-01-21 12:52:32,sell,0.00451622,0.84000000,0.00379362
2018-01-21 13:01:38,buy,0.00456758,0.09006719,0.00041138
2018-01-21 13:06:45,buy,0.00456733,0.90000000,0.00411059
2018-01-21 13:11:31,buy,0.00456733,0.18027416,0.00082337
2018-01-21 13:13:10,buy,0.00456733,0.81311488,0.00371376
2018-01-21 13:13:11,buy,0.00456733,1.15886948,0.00529293
2018-01-21 13:16:09,sell,0.00454000,2.05000000,0.00930700
2018-01-21 13:16:10,sell,0.00453995,2.05000000,0.00930689
2018-01-21 13:16:58,sell,0.00453995,1.28000000,0.00581113
2018-01-21 13:17:07,sell,0.00453995,0.00377020,0.00001711
2018-01-21 13:17:12,sell,0.00451803,1.00000000,0.00451803
2018-01-21 13:17:17,sell,0.00451806,1.28000000,0.00578311
2018-01-21 13:18:16,buy,0.00453995,2.20597154,0.01001500
2018-01-21 13:23:36,sell,0.00451800,1.38434855,0.00625448
2018-01-21 13:24:27,sell,0.00451800,0.64403569,0.00290975
2018-01-21 13:24:33,sell,0.00451544,0.36000000,0.00162555
2018-01-21 13:25:37,buy,0.00453994,0.20357143,0.00092420
2018-01-21 13:25:49,sell,0.00451544,5.67000000,0.02560254
2018-01-21 13:25:56,sell,0.00451544,5.35453597,0.02417808
2018-01-21 13:25:56,sell,0.00451544,10.71740758,0.04839381
2018-01-21 13:25:56,sell,0.00450200,0.44459242,0.00200155
2018-01-21 13:25:57,buy,0.00451493,0.48220744,0.00217713
2018-01-21 13:26:02,buy,0.00451492,0.03760000,0.00016976
2018-01-21 13:26:04,buy,0.00451492,0.03760000,0.00016976
2018-01-21 13:26:06,sell,0.00450207,9.52000000,0.04285970
2018-01-21 13:26:06,buy,0.00451491,1.10743933,0.00499998
2018-01-21 13:26:07,buy,0.00451491,0.03760000,0.00016976
2018-01-21 13:26:13,buy,0.00451200,0.03760000,0.00016965
2018-01-21 13:26:17,sell,0.00450212,1.61569584,0.00727405
2018-01-21 13:26:18,sell,0.00450212,8.00000000,0.03601696
2018-01-21 13:26:19,sell,0.00450212,6.39700000,0.02880006
2018-01-21 13:26:21,sell,0.00450212,10.00000000,0.04502120
2018-01-21 13:26:22,buy,0.00451197,2.69385767,0.01215460
2018-01-21 13:26:30,sell,0.00450215,8.00000000,0.03601720
2018-01-21 13:26:33,sell,0.00450223,10.00000000,0.04502230
2018-01-21 13:26:37,sell,0.00450224,10.00000000,0.04502240
2018-01-21 13:26:40,sell,0.00450227,2.16000000,0.00972490
2018-01-21 13:26:41,sell,0.00450227,5.28000000,0.02377198
2018-01-21 13:26:45,sell,0.00450234,10.00000000,0.04502340
2018-01-21 13:26:45,sell,0.00450234,9.00000000,0.04052106
2018-01-21 13:26:57,buy,0.00451199,0.03321718,0.00014987
2018-01-21 13:27:00,sell,0.00450245,10.00000000,0.04502450
2018-01-21 13:27:04,sell,0.00450248,8.00000000,0.03601984
2018-01-21 13:27:06,sell,0.00450248,30.57997688,0.13768573
2018-01-21 13:27:06,sell,0.00450245,17.39402312,0.07831571
2018-01-21 13:27:06,sell,0.00450245,4.08110299,0.01837496
2018-01-21 13:27:07,sell,0.00450245,10.00000000,0.04502450
2018-01-21 13:27:07,sell,0.00450245,9.00000000,0.04052205
2018-01-21 13:27:11,sell,0.00450245,18.00000000,0.08104410
2018-01-21 13:27:11,sell,0.00450245,9.00000000,0.04052205
2018-01-21 13:27:12,sell,0.00450245,1.00000000,0.00450245
2018-01-21 13:27:12,sell,0.00450245,20.78900000,0.09360143
2018-01-21 13:27:13,sell,0.00450245,2.00000000,0.00900490
2018-01-21 13:27:16,sell,0.00450245,9.00000000,0.04052205
2018-01-21 13:27:16,sell,0.00450245,10.00000000,0.04502450
2018-01-21 13:27:19,sell,0.00450000,4.54000000,0.02043000
2018-01-21 13:27:20,sell,0.00450000,10.00000000,0.04500000
2018-01-21 13:27:22,sell,0.00450000,10.00000000,0.04500000
2018-01-21 13:27:23,sell,0.00450000,8.00000000,0.03600000
2018-01-21 13:27:26,sell,0.00450000,7.31000000,0.03289500
2018-01-21 13:27:29,sell,0.00450000,53.00000000,0.23850000
2018-01-21 13:27:31,sell,0.00450000,10.00000000,0.04500000
2018-01-21 13:27:31,sell,0.00450000,8.00000000,0.03600000
2018-01-21 13:27:32,sell,0.00450000,13.00000000,0.05850000
2018-01-21 13:27:34,sell,0.00450000,10.00000000,0.04500000
2018-01-21 13:27:35,sell,0.00450000,10.00000000,0.04500000
2018-01-21 13:27:37,sell,0.00450000,7.04000000,0.03168000
2018-01-21 13:27:39,sell,0.00450000,10.00000000,0.04500000
2018-01-21 13:27:41,sell,0.00450000,8.00000000,0.03600000
2018-01-21 13:27:43,sell,0.00450100,1.00000000,0.00450100
2018-01-21 13:27:43,sell,0.00450000,9.00000000,0.04050000
2018-01-21 13:27:43,sell,0.00450000,10.00000000,0.04500000
2018-01-21 13:27:49,sell,0.00450000,10.00000000,0.04500000
2018-01-21 13:27:51,sell,0.00450000,5.35000000,0.02407500
2018-01-21 13:27:57,sell,0.00450000,10.00000000,0.04500000
2018-01-21 13:27:59,sell,0.00450000,8.00000000,0.03600000
2018-01-21 13:28:03,sell,0.00450000,10.00000000,0.04500000
2018-01-21 13:28:05,sell,0.00450000,1.00000000,0.00450000
2018-01-21 13:28:07,sell,0.00450000,10.00000000,0.04500000
2018-01-21 13:28:09,sell,0.00450000,8.00000000,0.03600000
2018-01-21 13:28:13,sell,0.00450000,10.00000000,0.04500000
2018-01-21 13:28:13,sell,0.00450000,10.00000000,0.04500000
2018-01-21 13:28:16,sell,0.00450000,8.00000000,0.03600000
2018-01-21 13:28:18,sell,0.00450000,7.96065556,0.03582295
2018-01-21 13:28:19,buy,0.00450000,0.03760000,0.00016920
2018-01-21 13:28:23,buy,0.00450000,0.55555555,0.00249999
2018-01-21 13:28:25,sell,0.00447479,0.04420000,0.00019778
2018-01-21 13:28:25,buy,0.00447479,0.03760000,0.00016825
2018-01-21 13:28:26,buy,0.00447479,0.53445467,0.00239157
2018-01-21 13:28:26,buy,0.00447479,0.02234742,0.00010000
2018-01-21 13:28:27,buy,0.00447479,0.11889724,0.00053204
2018-01-21 13:28:32,buy,0.00449991,0.03760000,0.00016919
2018-01-21 13:28:39,buy,0.00449987,0.11111432,0.00049999
2018-01-21 13:30:06,buy,0.00449871,0.71085800,0.00319794
2018-01-21 13:30:06,buy,0.00449871,0.40056925,0.00180204
2018-01-21 13:32:40,buy,0.00449728,0.93000000,0.00418247
2018-01-21 13:32:40,buy,0.00449728,2.40000000,0.01079347
2018-01-21 13:32:40,buy,0.00449728,0.58157963,0.00261552
2018-01-21 13:33:25,buy,0.00449692,0.12445857,0.00055968
2018-01-21 13:33:39,sell,0.00447038,0.15000000,0.00067055
2018-01-21 13:34:44,buy,0.00449609,2.00500000,0.00901466
2018-01-21 13:34:48,buy,0.00449607,0.11729323,0.00052735
2018-01-21 13:34:50,buy,0.00449607,9.70270677,0.04362404
2018-01-21 13:34:50,buy,0.00449607,8.00000000,0.03596856
2018-01-21 13:34:50,buy,0.00449609,1.55328223,0.00698369
2018-01-21 13:34:50,buy,0.00449609,25.26515906,0.11359442
2018-01-21 13:34:50,buy,0.00449728,2.37484094,0.01068032
2018-01-21 13:34:54,sell,0.00449607,0.14856316,0.00066795
2018-01-21 13:35:02,buy,0.00449603,0.05000000,0.00022480
2018-01-21 13:36:07,sell,0.00449572,1.63000000,0.00732802
2018-01-21 13:36:17,sell,0.00449572,3.93084450,0.01767197
2018-01-21 13:36:52,sell,0.00447780,0.15000000,0.00067167
2018-01-21 13:37:34,buy,0.00449542,0.19366257,0.00087059
2018-01-21 13:39:53,buy,0.00449542,8.31494500,0.03737917
2018-01-21 13:41:12,buy,0.00449494,0.03303692,0.00014849
2018-01-21 13:41:31,sell,0.00446778,0.15000000,0.00067016
2018-01-21 13:41:35,buy,0.00449459,0.03760000,0.00016899
2018-01-21 13:41:45,sell,0.00447658,0.44498238,0.00199199
2018-01-21 13:41:46,buy,0.00447658,0.86269018,0.00386190
2018-01-21 13:41:47,buy,0.00447658,2.03327100,0.00910210
2018-01-21 13:41:51,sell,0.00446778,0.15000000,0.00067016
2018-01-21 13:42:03,buy,0.00449459,0.11217500,0.00050418
2018-01-21 13:42:03,buy,0.00449459,0.14977500,0.00067317
2018-01-21 13:42:39,sell,0.00449497,0.07556332,0.00033965
2018-01-21 13:42:42,sell,0.00449497,4.01426878,0.01804401
2018-01-21 13:45:20,sell,0.00447744,0.11122431,0.00049800
2018-01-21 13:45:21,buy,0.00447744,0.03760000,0.00016835
2018-01-21 13:46:03,buy,0.00447744,0.25117569,0.00112462
2018-01-21 13:46:07,sell,0.00447744,0.19550813,0.00087537
2018-01-21 13:46:07,sell,0.00447539,0.14525842,0.00065008
2018-01-21 13:46:07,buy,0.00447000,3.92032681,0.01752386
2018-01-21 13:46:07,buy,0.00450102,3.05967319,0.01377165
2018-01-21 13:46:11,sell,0.00446733,0.03366240,0.00015038
2018-01-21 13:46:44,buy,0.00451196,0.22163267,0.00099999
2018-01-21 13:47:31,sell,0.00448372,0.02439608,0.00010938
2018-01-21 13:47:31,sell,0.00446734,1.48190507,0.00662017
2018-01-21 13:47:31,sell,0.00446733,18.00000000,0.08041194
2018-01-21 13:47:31,sell,0.00446733,10.43369886,0.04661077
2018-01-21 13:52:48,buy,0.00449414,0.03361191,0.00015105
2018-01-21 13:54:22,buy,0.00450959,1.10874578,0.00499998
2018-01-21 13:55:17,sell,0.00445686,0.09576284,0.00042680
2018-01-21 13:55:17,sell,0.00445686,0.33655982,0.00149999
2018-01-21 13:55:17,sell,0.00445685,0.75344469,0.00335798
2018-01-21 13:55:17,sell,0.00445685,7.84000000,0.03494170
2018-01-21 13:55:17,sell,0.00445684,1.24600931,0.00555326
2018-01-21 13:55:17,buy,0.00445684,16.25062657,0.07242644
2018-01-21 13:55:17,buy,0.00445684,0.00360453,0.00001606
2018-01-21 13:55:17,buy,0.00450929,0.03399547,0.00015329
2018-01-21 13:57:35,buy,0.00450856,0.47084996,0.00212285
2018-01-21 13:58:00,sell,0.00448224,0.55544103,0.00248962
2018-01-21 13:58:00,sell,0.00448224,0.55544103,0.00248962
2018-01-21 13:58:00,sell,0.00448224,0.05551688,0.00024883
2018-01-21 13:58:00,sell,0.00448224,0.05551688,0.00024883
2018-01-21 13:58:00,sell,0.00448224,0.05551688,0.00024883
2018-01-21 13:58:10,buy,0.00448224,0.31277484,0.00140193
2018-01-21 13:58:18,buy,0.00450833,0.34000000,0.00153283
2018-01-21 13:58:20,buy,0.00450833,6.65000000,0.02998039
2018-01-21 13:59:46,buy,0.00450789,0.02248538,0.00010136
2018-01-21 14:00:19,buy,0.00449703,2.24000000,0.01007334
2018-01-21 14:00:54,buy,0.00449703,0.00243130,0.00001093
2018-01-21 14:01:01,buy,0.00450901,0.36606037,0.00165056
2018-01-21 14:01:06,buy,0.00450914,0.63000000,0.00284075
2018-01-21 14:01:12,buy,0.00450914,0.03293640,0.00014851
2018-01-21 14:01:40,sell,0.00450003,0.44668382,0.00201009
2018-01-21 14:02:02,buy,0.00450911,1.59479943,0.00719112
2018-01-21 14:02:18,buy,0.00450902,1.59715822,0.00720161
2018-01-21 14:02:21,buy,0.00450902,10.44066124,0.04707715
2018-01-21 14:04:40,buy,0.00450911,1.82232838,0.00821707
2018-01-21 14:06:12,sell,0.00450913,0.03360201,0.00015151
2018-01-21 14:07:04,buy,0.00450914,0.44627934,0.00201233
2018-01-21 14:07:04,buy,0.00450914,0.16630083,0.00074987
2018-01-21 14:08:46,sell,0.00450917,0.44431491,0.00200349
2018-01-21 14:10:06,buy,0.00451200,5.63240000,0.02541338
2018-01-21 14:13:34,buy,0.00452851,0.43092111,0.00195143
2018-01-21 14:13:57,buy,0.00454000,3.57977587,0.01625218
2018-01-21 14:14:30,buy,0.00458398,16.08969062,0.07375482
2018-01-21 14:16:12,buy,0.00458368,0.03239867,0.00014850
2018-01-21 14:17:59,sell,0.00455618,0.03760000,0.00017131
2018-01-21 14:18:04,sell,0.00455619,0.03760000,0.00017131
2018-01-21 14:18:10,sell,0.00455619,0.03760000,0.00017131
2018-01-21 14:18:12,buy,0.00458316,0.03259628,0.00014939
2018-01-21 14:19:12,buy,0.00458285,0.03240447,0.00014850
2018-01-21 14:20:12,buy,0.00458251,0.03240666,0.00014850
2018-01-21 14:21:10,sell,0.00455882,0.04387094,0.00019999
2018-01-21 14:21:12,buy,0.00455882,0.03257748,0.00014851
2018-01-21 14:21:37,sell,0.00455620,6.00000000,0.02733720
2018-01-21 14:22:12,buy,0.00455871,0.03259621,0.00014859
2018-01-21 14:23:01,sell,0.00455619,0.01755651,0.00007999
2018-01-21 14:23:02,buy,0.00455619,0.04389394,0.00019998
2018-01-21 14:23:12,buy,0.00455616,0.03259628,0.00014851
2018-01-21 14:23:53,sell,0.00455536,0.05552799,0.00025294
2018-01-21 14:23:53,sell,0.00455536,0.05552799,0.00025294
2018-01-21 14:23:59,sell,0.00453136,0.08890000,0.00040283
2018-01-21 14:24:12,buy,0.00455593,0.03277490,0.00014932
2018-01-21 14:24:16,sell,0.00453136,0.20000000,0.00090627
2018-01-21 14:25:12,buy,0.00455566,0.03277490,0.00014931
2018-01-21 14:26:12,sell,0.00452803,0.03325866,0.00015059
2018-01-21 14:27:11,sell,0.00451525,0.03346161,0.00015108
2018-01-21 14:28:12,sell,0.00451525,0.03355632,0.00015151
2018-01-21 14:29:12,sell,0.00451525,0.03355632,0.00015151
2018-01-21 14:30:13,sell,0.00451268,0.03355632,0.00015142
2018-01-21 14:31:12,sell,0.00451268,0.03357543,0.00015151
2018-01-21 14:32:12,sell,0.00451268,0.03357543,0.00015151
2018-01-21 14:33:12,sell,0.00451268,0.03357543,0.00015151
2018-01-21 14:33:24,buy,0.00455324,1.53731953,0.00699978
2018-01-21 14:34:12,sell,0.00451268,0.03327634,0.00015016
2018-01-21 14:36:14,buy,0.00455229,0.03291057,0.00014981
2018-01-21 14:36:28,sell,0.00451047,1.52000000,0.00685591
2018-01-21 14:36:30,sell,0.00451048,1.09000000,0.00491642
2018-01-21 14:36:33,sell,0.00451048,1.11000000,0.00500663
2018-01-21 14:37:13,buy,0.00455201,0.03292662,0.00014988
2018-01-21 14:37:20,sell,0.00451011,0.16085174,0.00072545
2018-01-21 14:37:20,sell,0.00448493,0.05699532,0.00025562
2018-01-21 14:37:20,sell,0.00446820,8.79492889,0.03929750
2018-01-21 14:37:55,sell,0.00448514,9.84015000,0.04413445
2018-01-21 14:37:58,sell,0.00448515,1.11000000,0.00497851
2018-01-21 14:38:11,buy,0.00454372,0.10000000,0.00045437
2018-01-21 14:38:12,buy,0.00454372,0.03268574,0.00014851
2018-01-21 14:38:12,sell,0.00448522,3.75624000,0.01684756
2018-01-21 14:38:22,sell,0.00448526,9.55025902,0.04283539
2018-01-21 14:38:22,sell,0.00448523,0.33443101,0.00149999
2018-01-21 14:38:22,sell,0.00448523,8.11530997,0.03639903
2018-01-21 14:38:42,buy,0.00454354,6.60269389,0.02999960
2018-01-21 14:39:12,buy,0.00451179,0.03268704,0.00014747
2018-01-21 14:40:12,buy,0.00451141,0.03291706,0.00014850
2018-01-21 14:40:17,sell,0.00446810,0.14822220,0.00066227
2018-01-21 14:41:12,buy,0.00451097,0.03323893,0.00014993
2018-01-21 14:42:24,sell,0.00446828,5.35652352,0.02393444
2018-01-21 14:42:24,sell,0.00446828,2.81652635,0.01258502
2018-01-21 14:42:25,buy,0.00446814,0.03760000,0.00016800
2018-01-21 14:42:26,buy,0.00446813,4.99250700,0.02230717
2018-01-21 14:42:28,buy,0.00446813,1.55640000,0.00695419
2018-01-21 14:42:29,buy,0.00446813,1.52099108,0.00679598
2018-01-21 14:42:29,buy,0.00446814,1.21338154,0.00542155
2018-01-21 14:42:32,buy,0.00446814,0.44230000,0.00197625
2018-01-21 14:42:33,buy,0.00446814,0.03760000,0.00016800
2018-01-21 14:43:08,buy,0.00446814,0.32102376,0.00143437
2018-01-21 14:43:23,sell,0.00446802,0.41501591,0.00185429
2018-01-21 14:43:23,sell,0.00446802,1.00000000,0.00446802
2018-01-21 14:43:23,sell,0.00446801,2.48678478,0.01111097
2018-01-21 14:43:26,buy,0.00446814,0.03760000,0.00016800
2018-01-21 14:43:59,buy,0.00446814,0.22380677,0.00099999
2018-01-21 14:44:39,buy,0.00446814,5.59516940,0.02500000
2018-01-21 14:45:23,buy,0.00446814,0.22380677,0.00099999
2018-01-21 14:45:29,sell,0.00446813,8.00000000,0.03574504
2018-01-21 14:45:29,sell,0.00446813,2.48751000,0.01111451
2018-01-21 14:45:31,sell,0.00446813,0.93319653,0.00416964
2018-01-21 14:45:32,sell,0.00446813,1.00000000,0.00446813
2018-01-21 14:45:35,sell,0.00446813,4.42000000,0.01974913
2018-01-21 14:45:37,sell,0.00446813,10.00000000,0.04468130
2018-01-21 14:45:39,sell,0.00446813,8.00000000,0.03574504
2018-01-21 14:45:40,sell,0.00446813,9.00000000,0.04021317
2018-01-21 14:45:45,sell,0.00446813,10.00000000,0.04468130
2018-01-21 14:45:47,sell,0.00446813,2.80000000,0.01251076
2018-01-21 14:45:49,sell,0.00446813,2.80000000,0.01251076
2018-01-21 14:45:49,sell,0.00446813,8.00000000,0.03574504
2018-01-21 14:45:54,sell,0.00446813,9.00000000,0.04021317
2018-01-21 14:46:01,sell,0.00446813,2.23000000,0.00996392
2018-01-21 14:46:02,sell,0.00446813,2.23000000,0.00996392
2018-01-21 14:46:03,sell,0.00446813,8.00000000,0.03574504
2018-01-21 14:46:09,sell,0.00446813,7.18000000,0.03208117
2018-01-21 14:46:10,sell,0.00446813,9.00000000,0.04021317
2018-01-21 14:46:11,sell,0.00446813,6.82293101,0.03048574
2018-01-21 14:46:13,buy,0.00446813,0.03323870,0.00014851
2018-01-21 14:46:14,buy,0.00446814,0.03760000,0.00016800
2018-01-21 14:46:19,sell,0.00446801,3.86559298,0.01727150
2018-01-21 14:46:26,sell,0.00446468,0.16600000,0.00074113
2018-01-21 14:46:28,buy,0.00446468,0.03760000,0.00016787
2018-01-21 14:47:05,sell,0.00446080,0.04440000,0.00019805
2018-01-21 14:47:05,sell,0.00446080,0.67252510,0.00299999
2018-01-21 14:47:10,sell,0.00445567,0.14308903,0.00063755
2018-01-21 14:48:28,buy,0.00446813,5.32595632,0.02379706
2018-01-21 14:49:51,buy,0.00446814,0.22380677,0.00099999
2018-01-21 14:50:03,buy,0.00446814,1.74855900,0.00781280
2018-01-21 14:50:24,buy,0.00446814,4.05375000,0.01811272
2018-01-21 14:52:12,buy,0.00446813,0.03323863,0.00014851
2018-01-21 14:54:21,buy,0.00446813,0.50000000,0.00223406
2018-01-21 14:54:41,sell,0.00445567,0.08758935,0.00039026
2018-01-21 15:01:00,buy,0.00446814,5.59516940,0.02500000
2018-01-21 15:02:05,buy,0.00446814,6.51261599,0.02909928
2018-01-21 15:03:14,buy,0.00446814,1.21116500,0.00541165
2018-01-21 15:04:46,sell,0.00445567,0.20000000,0.00089113
2018-01-21 15:04:58,sell,0.00445567,0.20000000,0.00089113
2018-01-21 15:05:07,sell,0.00445567,0.49875000,0.00222226
2018-01-21 15:06:21,sell,0.00445567,0.20000000,0.00089113
2018-01-21 15:11:49,sell,0.00445567,0.61114682,0.00272306
2018-01-21 15:12:58,sell,0.00446190,0.07774625,0.00034689
2018-01-21 15:12:59,buy,0.00446190,0.03760000,0.00016776
2018-01-21 15:13:06,sell,0.00445567,0.08470000,0.00037739
2018-01-21 15:14:55,sell,0.00445567,1.01000000,0.00450022
2018-01-21 15:16:26,buy,0.00446813,0.02750967,0.00012291
2018-01-21 15:16:48,buy,0.00446814,1.00000000,0.00446814
2018-01-21 15:17:19,buy,0.00446814,1.11903387,0.00499999
2018-01-21 15:19:40,buy,0.00446814,0.16711081,0.00074667
2018-01-21 15:21:13,sell,0.00445567,0.03391012,0.00015109
2018-01-21 15:22:13,sell,0.00445567,0.03400502,0.00015151
2018-01-21 15:22:15,buy,0.00446814,0.67142032,0.00299999
2018-01-21 15:23:13,sell,0.00445567,0.03391012,0.00015109
2018-01-21 15:24:13,sell,0.00445567,0.03400502,0.00015151
2018-01-21 15:25:12,sell,0.00445567,0.03400502,0.00015151
2018-01-21 15:27:30,buy,0.00446809,1.51272795,0.00675900
2018-01-21 15:29:04,sell,0.00445567,24.79370225,0.11047255
2018-01-21 15:29:04,sell,0.00444774,10.83049147,0.04817121
2018-01-21 15:29:04,sell,0.00444255,0.04460000,0.00019813
2018-01-21 15:29:04,sell,0.00444159,0.04411482,0.00019593
2018-01-21 15:29:04,sell,0.00444129,0.03813982,0.00016939
2018-01-21 15:29:04,sell,0.00444129,0.03813982,0.00016939
2018-01-21 15:29:04,sell,0.00444129,0.20977013,0.00093164
2018-01-21 15:29:04,sell,0.00444129,0.20977013,0.00093164
2018-01-21 15:29:04,sell,0.00444129,0.20977013,0.00093164
2018-01-21 15:29:04,sell,0.00444129,0.20977013,0.00093164
2018-01-21 15:29:05,buy,0.00442014,2.17742300,0.00962451
2018-01-21 15:29:06,buy,0.00442014,0.48257403,0.00213304
2018-01-21 15:29:08,buy,0.00442014,1.57410000,0.00695774
2018-01-21 15:29:12,buy,0.00442014,1.57410000,0.00695774
2018-01-21 15:29:17,buy,0.00442014,1.57410000,0.00695774
2018-01-21 15:29:21,buy,0.00442014,1.57410000,0.00695774
2018-01-21 15:29:24,buy,0.00442014,1.57410000,0.00695774
2018-01-21 15:29:27,buy,0.00442014,3.41618138,0.01509999
2018-01-21 15:29:29,buy,0.00442014,0.22390000,0.00098966
2018-01-21 15:29:36,buy,0.00442014,0.05250516,0.00023208
2018-01-21 15:29:39,buy,0.00442014,1.19750000,0.00529311
2018-01-21 15:29:58,buy,0.00442014,0.70182000,0.00310214
2018-01-21 15:30:03,buy,0.00442014,8.22510380,0.03635611
2018-01-21 15:30:11,buy,0.00442014,4.20753963,0.01859791
2018-01-21 15:30:35,sell,0.00440804,0.04510000,0.00019880
2018-01-21 15:30:35,sell,0.00440804,1.09219741,0.00481444
2018-01-21 15:30:35,sell,0.00440804,0.16272392,0.00071729
2018-01-21 15:30:35,sell,0.00440804,0.04468940,0.00019699
2018-01-21 15:30:35,sell,0.00440487,0.04460000,0.00019645
2018-01-21 15:30:35,sell,0.00440319,0.16690000,0.00073489
2018-01-21 15:30:35,sell,0.00440319,0.04520000,0.00019902
2018-01-21 15:30:35,sell,0.00440274,0.04520000,0.00019900
2018-01-21 15:30:35,sell,0.00440274,0.04520000,0.00019900
2018-01-21 15:30:35,sell,0.00440274,0.04520000,0.00019900
2018-01-21 15:30:35,sell,0.00440001,2.59383185,0.01141288
2018-01-21 15:30:38,buy,0.00442014,0.03760000,0.00016619
2018-01-21 15:30:52,sell,0.00440001,0.08757344,0.00038532
2018-01-21 15:30:57,buy,0.00442013,0.03760000,0.00016619
2018-01-21 15:31:13,sell,0.00440001,0.03427844,0.00015082
2018-01-21 15:31:23,buy,0.00442013,0.03760000,0.00016619
2018-01-21 15:31:34,buy,0.00442013,0.03760000,0.00016619
2018-01-21 15:31:38,buy,0.00442013,0.03760000,0.00016619
2018-01-21 15:31:41,buy,0.00442013,0.03760000,0.00016619
2018-01-21 15:31:48,buy,0.00442013,0.03760000,0.00016619
2018-01-21 15:31:52,buy,0.00442013,0.03760000,0.00016619
2018-01-21 15:32:08,buy,0.00442013,0.07072937,0.00031263
2018-01-21 15:32:11,buy,0.00442014,0.02965473,0.00013107
2018-01-21 15:32:13,sell,0.00440020,0.03427844,0.00015083
2018-01-21 15:32:22,buy,0.00442014,0.59198618,0.00261666
2018-01-21 15:32:49,buy,0.00442014,4.04361600,0.01787334
2018-01-21 15:33:08,buy,0.00442014,2.99210408,0.01322551
2018-01-21 15:39:02,buy,0.00442014,1.03159800,0.00455980
2018-01-21 15:44:38,buy,0.00442014,1.08372051,0.00479019
2018-01-21 15:45:22,buy,0.00442014,3.12000000,0.01379083
2018-01-21 15:45:53,buy,0.00442014,4.75100000,0.02100008
2018-01-21 15:57:04,buy,0.00442013,1.05730000,0.00467340
2018-01-21 16:00:33,buy,0.00442013,0.02987466,0.00013204
2018-01-21 16:02:35,buy,0.00442013,0.02643587,0.00011684
2018-01-21 16:03:03,sell,0.00440100,2.93000000,0.01289493
2018-01-21 16:03:13,buy,0.00442013,0.11196018,0.00049487
2018-01-21 16:03:14,sell,0.00440001,2.93000000,0.01289202
2018-01-21 16:03:19,sell,0.00440001,9.00000000,0.03960009
2018-01-21 16:03:32,sell,0.00440000,3.99200000,0.01756480
2018-01-21 16:03:42,sell,0.00440000,6.47613998,0.02849501
2018-01-21 16:05:46,buy,0.00442012,11.31219900,0.05000127
2018-01-21 16:07:13,buy,0.00442012,0.09063466,0.00040061
2018-01-21 16:07:33,buy,0.00442012,0.21874500,0.00096687
2018-01-21 16:09:26,sell,0.00440555,5.63432893,0.02482231
2018-01-21 16:09:27,sell,0.00440100,2.04786702,0.00901266
2018-01-21 16:09:27,sell,0.00440100,0.22434384,0.00098733
2018-01-21 16:09:29,buy,0.00440100,0.03760000,0.00016547
2018-01-21 16:09:35,buy,0.00440100,0.03760000,0.00016547
2018-01-21 16:10:05,buy,0.00440100,1.13083624,0.00497681
2018-01-21 16:10:15,sell,0.00440000,1.84970684,0.00813871
2018-01-21 16:10:34,sell,0.00440000,9.00000000,0.03960000
2018-01-21 16:10:38,sell,0.00440000,7.04000000,0.03097600
2018-01-21 16:10:39,sell,0.00440000,0.91975743,0.00404693
2018-01-21 16:10:44,sell,0.00440000,3.46000000,0.01522400
2018-01-21 16:10:44,sell,0.00440000,3.21500655,0.01414602
2018-01-21 16:10:46,sell,0.00440000,7.48500000,0.03293400
2018-01-21 16:10:47,sell,0.00440000,4.12833610,0.01816467
2018-01-21 16:10:48,sell,0.00440000,0.70000000,0.00308000
2018-01-21 16:10:50,sell,0.00440000,55.00000000,0.24200000
2018-01-21 16:10:51,sell,0.00440000,16.13000000,0.07097200
2018-01-21 16:11:26,buy,0.00440100,5.23587821,0.02304310
2018-01-21 16:11:41,buy,0.00441977,0.11083654,0.00048987
2018-01-21 16:11:44,sell,0.00440000,10.00000000,0.04400000
2018-01-21 16:11:44,buy,0.00441977,0.22364046,0.00098843
2018-01-21 16:11:51,sell,0.00440000,10.00000000,0.04400000
2018-01-21 16:13:17,sell,0.00440100,1.14000000,0.00501714
2018-01-21 16:13:17,sell,0.00440100,5.00000000,0.02200500
2018-01-21 16:13:18,buy,0.00440100,0.03760000,0.00016547
2018-01-21 16:14:25,sell,0.00440000,7.99087562,0.03515985
2018-01-21 16:14:46,sell,0.00440000,18.00000000,0.07920000
2018-01-21 16:14:56,sell,0.00440000,10.00000000,0.04400000
2018-01-21 16:15:27,buy,0.00442000,0.03375338,0.00014918
2018-01-21 16:16:27,buy,0.00442000,0.03360065,0.00014851
2018-01-21 16:17:08,buy,0.00442000,0.03360065,0.00014851
2018-01-21 16:17:13,sell,0.00440100,0.44000000,0.00193644
2018-01-21 16:17:27,buy,0.00442000,0.03374571,0.00014915
2018-01-21 16:17:30,sell,0.00441050,0.46493466,0.00205059
2018-01-21 16:17:30,sell,0.00440100,3.56000000,0.01566756
2018-01-21 16:17:30,sell,0.00440000,234.33037363,1.03105364
2018-01-21 16:17:30,sell,0.00440000,3.00000000,0.01320000
2018-01-21 16:17:30,sell,0.00440000,1.00000000,0.00440000
2018-01-21 16:17:30,sell,0.00440000,60.00000000,0.26400000
2018-01-21 16:17:30,sell,0.00440000,1.00000000,0.00440000
2018-01-21 16:17:30,sell,0.00440000,0.75153862,0.00330676
2018-01-21 16:17:30,sell,0.00440000,0.36776600,0.00161817
2018-01-21 16:17:30,sell,0.00440000,0.42733267,0.00188026
2018-01-21 16:17:30,sell,0.00440000,0.17108518,0.00075277
2018-01-21 16:17:30,sell,0.00440000,0.14404825,0.00063381
2018-01-21 16:17:30,sell,0.00440000,0.12898141,0.00056751
2018-01-21 16:17:30,sell,0.00440000,0.30316165,0.00133391
2018-01-21 16:17:30,sell,0.00440000,0.13315620,0.00058588
2018-01-21 16:17:36,sell,0.00440000,0.01501019,0.00006604
2018-01-21 16:17:36,sell,0.00440000,0.13003990,0.00057217
2018-01-21 16:17:36,sell,0.00440000,0.13560277,0.00059665
2018-01-21 16:17:36,sell,0.00440000,0.13063727,0.00057480
2018-01-21 16:17:36,sell,0.00440000,1.13636363,0.00499999
2018-01-21 16:17:36,sell,0.00440000,0.45454546,0.00200000
2018-01-21 16:17:36,sell,0.00440000,0.99780078,0.00439032
2018-01-21 16:17:47,buy,0.00442000,0.03375338,0.00014918
2018-01-21 16:17:49,sell,0.00440000,0.00219922,0.00000967
2018-01-21 16:17:49,sell,0.00440000,10.25969091,0.04514264
2018-01-21 16:17:49,buy,0.00440000,0.03760000,0.00016544
2018-01-21 16:19:27,sell,0.00439804,0.33935577,0.00149250
2018-01-21 16:19:28,buy,0.00439804,0.03375338,0.00014844
2018-01-21 16:19:44,sell,0.00439624,0.02795144,0.00012288
2018-01-21 16:19:44,sell,0.00439620,0.34120346,0.00149999
2018-01-21 16:19:44,sell,0.00439618,0.63084510,0.00277330
2018-01-21 16:19:51,sell,0.00439618,0.96956935,0.00426240
2018-01-21 16:19:51,sell,0.00439571,0.03043065,0.00013376
2018-01-21 16:19:57,sell,0.00439571,0.09489838,0.00041714
2018-01-21 16:19:57,sell,0.00439278,4.10709847,0.01804158
2018-01-21 16:19:57,sell,0.00439265,0.02408081,0.00010577
2018-01-21 16:19:57,sell,0.00437837,0.04558774,0.00019959
2018-01-21 16:19:57,sell,0.00437770,0.45685862,0.00199998
2018-01-21 16:19:57,sell,0.00437690,0.22847176,0.00099999
2018-01-21 16:19:57,sell,0.00437575,0.04560000,0.00019953
2018-01-21 16:19:57,sell,0.00437509,0.04520000,0.00019775
2018-01-21 16:19:57,sell,0.00437199,0.04560000,0.00019936
2018-01-21 16:19:57,sell,0.00437196,0.14870000,0.00065011
2018-01-21 16:19:57,sell,0.00437166,0.04560000,0.00019934
2018-01-21 16:19:57,sell,0.00437096,0.07922745,0.00034630
2018-01-21 16:19:57,sell,0.00437096,0.24305873,0.00106239
2018-01-21 16:19:57,sell,0.00437096,0.24305873,0.00106239
2018-01-21 16:19:57,sell,0.00437096,0.24305873,0.00106239
2018-01-21 16:19:57,sell,0.00436774,0.04570000,0.00019960
2018-01-21 16:19:57,sell,0.00436638,0.29310912,0.00127982
2018-01-21 16:19:57,sell,0.00436025,0.03959921,0.00017266
2018-01-21 16:19:57,sell,0.00436000,7.65067194,0.03335692
2018-01-21 16:20:01,buy,0.00439518,0.03760000,0.00016525
2018-01-21 16:20:05,sell,0.00436000,0.07000000,0.00030520
2018-01-21 16:21:06,buy,0.00436872,0.16519617,0.00072169
2018-01-21 16:21:41,buy,0.00439797,1.04046376,0.00457592
2018-01-21 16:21:44,buy,0.00439794,0.22737918,0.00099999
2018-01-21 16:22:12,sell,0.00436000,0.30170789,0.00131544
2018-01-21 16:22:51,sell,0.00436000,3.44000000,0.01499840
2018-01-21 16:22:56,sell,0.00436000,0.00550778,0.00002401
2018-01-21 16:22:57,buy,0.00436000,0.03760000,0.00016393
2018-01-21 16:23:03,buy,0.00436000,0.03760000,0.00016393
2018-01-21 16:23:03,sell,0.00435661,0.96000000,0.00418234
2018-01-21 16:23:06,sell,0.00435661,0.73643829,0.00320837
2018-01-21 16:23:07,buy,0.00435598,0.03760000,0.00016378
2018-01-21 16:23:11,buy,0.00436000,0.03760000,0.00016393
2018-01-21 16:23:12,sell,0.00435504,0.04560000,0.00019858
2018-01-21 16:23:13,buy,0.00435504,0.03760000,0.00016374
2018-01-21 16:23:18,sell,0.00435237,0.04560000,0.00019846
2018-01-21 16:23:23,sell,0.00435234,0.14870000,0.00064719
2018-01-21 16:23:24,buy,0.00435234,0.03760000,0.00016364
2018-01-21 16:23:29,sell,0.00435228,0.02823378,0.00012288
2018-01-21 16:23:30,buy,0.00435228,0.03760000,0.00016364
2018-01-21 16:23:36,sell,0.00435500,0.22962112,0.00099999
2018-01-21 16:23:36,sell,0.00435224,0.54000000,0.00235020
2018-01-21 16:23:36,buy,0.00435228,12.16934400,0.05296439
2018-01-21 16:23:36,buy,0.00435228,5.60103488,0.02437727
2018-01-21 16:23:44,sell,0.00435224,10.00000000,0.04352240
2018-01-21 16:23:45,sell,0.00435224,1.00000000,0.00435224
2018-01-21 16:23:50,sell,0.00435224,1.00000000,0.00435224
2018-01-21 16:23:51,sell,0.00435224,10.00000000,0.04352240
2018-01-21 16:23:51,sell,0.00435224,10.00000000,0.04352240
2018-01-21 16:23:51,sell,0.00435224,39.95400000,0.17388939
2018-01-21 16:23:51,sell,0.00435223,0.34465026,0.00149999
2018-01-21 16:23:51,sell,0.00435213,0.04560000,0.00019845
2018-01-21 16:23:51,sell,0.00435000,7.81157011,0.03398032
2018-01-21 16:23:51,sell,0.00434901,0.04570000,0.00019874
2018-01-21 16:23:51,sell,0.00434835,0.22963077,0.00099851
2018-01-21 16:23:51,sell,0.00433601,23.07000000,0.10003175
2018-01-21 16:23:51,sell,0.00433600,16.93522832,0.07343114
2018-01-21 16:23:51,sell,0.00433525,173.87489374,0.75379113
2018-01-21 16:23:51,sell,0.00433123,0.04090293,0.00017715
2018-01-21 16:23:51,sell,0.00433123,0.04090293,0.00017715
2018-01-21 16:23:51,sell,0.00433123,0.04850585,0.00021008
2018-01-21 16:23:51,sell,0.00433057,0.04851324,0.00021008
2018-01-21 16:23:51,sell,0.00432876,0.23101282,0.00099999
2018-01-21 16:23:51,sell,0.00432800,10.00000000,0.04328000
2018-01-21 16:23:51,sell,0.00432746,0.04610000,0.00019949
2018-01-21 16:23:51,sell,0.00432500,1.59600000,0.00690270
2018-01-21 16:23:51,sell,0.00431740,1.79822347,0.00776365
2018-01-21 16:23:51,sell,0.00431665,0.03999920,0.00017266
2018-01-21 16:23:51,sell,0.00431217,48.09802489,0.20740685
2018-01-21 16:23:51,sell,0.00431216,231.90234129,1.00000000
2018-01-21 16:23:51,sell,0.00431001,2.94947920,0.01271228
2018-01-21 16:23:51,sell,0.00431000,696.05568445,2.99999999
2018-01-21 16:23:51,sell,0.00430875,0.02851896,0.00012288
2018-01-21 16:23:51,sell,0.00430871,0.34813142,0.00149999
2018-01-21 16:23:51,sell,0.00430819,0.04610000,0.00019860
2018-01-21 16:23:51,sell,0.00430480,3.84135211,0.01653625
2018-01-21 16:23:51,sell,0.00430422,0.09947891,0.00042817
2018-01-21 16:23:51,sell,0.00430000,14.51857932,0.06242989
2018-01-21 16:23:51,sell,0.00430000,100.00000000,0.43000000
2018-01-21 16:23:51,sell,0.00430000,0.76592329,0.00329347
2018-01-21 16:23:51,sell,0.00430000,0.13144637,0.00056521
2018-01-21 16:23:51,sell,0.00430000,0.30894340,0.00132845
2018-01-21 16:23:51,sell,0.00430000,0.14687133,0.00063154
2018-01-21 16:23:51,sell,0.00430000,0.43551862,0.00187273
2018-01-21 16:23:51,sell,0.00430000,0.17444961,0.00075013
2018-01-21 16:23:51,sell,0.00430000,0.15099078,0.00064926
2018-01-21 16:23:51,sell,0.00430000,0.13817330,0.00059414
2018-01-21 16:23:51,sell,0.00430000,0.13310782,0.00057236
2018-01-21 16:23:51,sell,0.00430000,0.13249919,0.00056974
2018-01-21 16:23:51,sell,0.00430000,0.37504885,0.00161271
2018-01-21 16:23:51,sell,0.00430000,0.02558139,0.00010999
2018-01-21 16:23:51,buy,0.00430000,477.99174156,2.05536448
2018-01-21 16:23:51,buy,0.00430000,165.30077668,0.71079333
2018-01-21 16:23:52,buy,0.00430000,5.81395349,0.02500000
2018-01-21 16:23:52,buy,0.00430000,0.34883720,0.00149999
2018-01-21 16:23:52,buy,0.00430000,0.03760000,0.00016168
2018-01-21 16:23:53,buy,0.00430000,26.56465116,0.11422799
2018-01-21 16:23:53,buy,0.00430000,45.43308764,0.19536227
2018-01-21 16:23:55,sell,0.00429943,4.10709792,0.01765818
2018-01-21 16:23:55,sell,0.00429914,12.62086418,0.05425886
2018-01-21 16:23:55,sell,0.00429700,4.00000000,0.01718800
2018-01-21 16:23:55,sell,0.00429259,0.02331925,0.00010009
2018-01-21 16:23:55,sell,0.00429000,4.66200466,0.01999999
2018-01-21 16:23:55,sell,0.00428348,0.15038029,0.00064415
2018-01-21 16:23:55,sell,0.00428114,0.23358244,0.00099999
2018-01-21 16:23:55,sell,0.00427855,7.99486626,0.03420643
2018-01-21 16:23:58,buy,0.00430000,0.03760000,0.00016168
2018-01-21 16:24:03,buy,0.00429999,0.39901667,0.00171576
2018-01-21 16:24:04,buy,0.00429999,0.67442017,0.00289999
2018-01-21 16:24:14,buy,0.00429999,0.46395689,0.00199500
2018-01-21 16:24:20,buy,0.00429999,1.39535208,0.00599999
2018-01-21 16:24:28,buy,0.00429999,0.68399764,0.00294118
2018-01-21 16:24:58,buy,0.00429992,0.03760000,0.00016167
2018-01-21 16:24:59,buy,0.00429992,0.03760000,0.00016167
2018-01-21 16:25:07,buy,0.00429988,0.03760000,0.00016167
2018-01-21 16:25:19,buy,0.00429555,2.38000000,0.01022340
2018-01-21 16:25:26,buy,0.00429552,0.03760000,0.00016151
2018-01-21 16:25:38,buy,0.00429547,0.03760000,0.00016150
2018-01-21 16:25:55,buy,0.00429536,0.03760000,0.00016150
2018-01-21 16:25:59,buy,0.00429536,7.48700000,0.03215936
2018-01-21 16:26:04,buy,0.00429532,0.03760000,0.00016150
2018-01-21 16:26:07,buy,0.00429532,0.23280935,0.00099999
2018-01-21 16:26:34,buy,0.00429524,6.58249389,0.02827339
2018-01-21 16:26:34,buy,0.00429524,37.18295739,0.15970972
2018-01-21 16:26:35,sell,0.00427857,0.18986200,0.00081233
2018-01-21 16:26:35,sell,0.00427857,0.06292858,0.00026924
2018-01-21 16:26:35,sell,0.00427857,1.28290527,0.00548900
2018-01-21 16:26:40,buy,0.00427856,0.03760000,0.00016087
2018-01-21 16:26:41,buy,0.00427856,1.68406044,0.00720535
2018-01-21 16:26:41,buy,0.00427857,6.75593956,0.02890576
2018-01-21 16:26:44,buy,0.00427857,3.63000000,0.01553120
2018-01-21 16:26:57,buy,0.00427857,0.21980710,0.00094046
2018-01-21 16:27:04,buy,0.00429552,0.03760000,0.00016151
2018-01-21 16:27:14,sell,0.00427854,1.90000000,0.00812922
2018-01-21 16:27:29,sell,0.00427854,0.00611751,0.00002617
2018-01-21 16:27:29,buy,0.00427852,0.03760000,0.00016087
2018-01-21 16:27:35,buy,0.00429552,0.06984020,0.00029999
2018-01-21 16:27:35,sell,0.00427700,0.70142623,0.00299999
2018-01-21 16:27:35,sell,0.00427700,0.25857377,0.00110592
2018-01-21 16:27:36,buy,0.00429552,1.16000000,0.00498280
2018-01-21 16:27:37,sell,0.00427700,0.67358339,0.00288091
2018-01-21 16:27:40,sell,0.00427700,2.50000000,0.01069250
2018-01-21 16:27:40,buy,0.00429552,0.69840206,0.00300000
2018-01-21 16:27:45,sell,0.00427700,5.00000000,0.02138500
2018-01-21 16:27:46,sell,0.00427700,4.73085298,0.02023385
2018-01-21 16:27:52,sell,0.00427700,1.83698986,0.00785680
2018-01-21 16:28:00,sell,0.00427349,0.04040323,0.00017266
2018-01-21 16:28:01,sell,0.00427277,0.40000000,0.00170910
2018-01-21 16:28:01,sell,0.00426900,2.34246896,0.00999999
2018-01-21 16:28:01,sell,0.00426567,0.02880704,0.00012288
2018-01-21 16:28:01,sell,0.00426563,0.35164770,0.00149999
2018-01-21 16:28:01,sell,0.00425446,20.03667307,0.08524522
2018-01-21 16:28:01,buy,0.00429552,5.38098070,0.02311411
2018-01-21 16:28:02,sell,0.00425446,5.00000000,0.02127230
2018-01-21 16:28:06,buy,0.00426800,0.16661107,0.00071109
2018-01-21 16:28:06,buy,0.00429549,1.45468893,0.00624860
2018-01-21 16:28:08,sell,0.00425450,10.00000000,0.04254500
2018-01-21 16:28:08,sell,0.00425450,0.20000000,0.00085090
2018-01-21 16:28:12,buy,0.00425489,0.03760000,0.00015998
2018-01-21 16:28:12,buy,0.00425489,1.45398490,0.00618654
2018-01-21 16:28:12,buy,0.00429548,0.16731510,0.00071869
2018-01-21 16:28:13,buy,0.00429545,2.08881353,0.00897239
2018-01-21 16:28:17,sell,0.00425451,3.46392863,0.01473731
2018-01-21 16:28:18,buy,0.00425451,1.62130000,0.00689783
2018-01-21 16:28:19,buy,0.00425451,0.03760000,0.00015996
2018-01-21 16:28:19,sell,0.00425443,1.17026075,0.00497879
2018-01-21 16:28:25,sell,0.00425492,1.01880000,0.00433491
2018-01-21 16:28:25,sell,0.00425492,5.00000000,0.02127460
2018-01-21 16:28:31,sell,0.00425493,0.16705045,0.00071078
2018-01-21 16:28:38,sell,0.00425489,2.68763000,0.01143557
2018-01-21 16:28:39,buy,0.00425489,0.03760000,0.00015998
2018-01-21 16:28:40,sell,0.00425003,2.47000000,0.01049757
2018-01-21 16:29:00,buy,0.00429522,0.02560986,0.00010999
2018-01-21 16:29:04,buy,0.00429520,0.23281694,0.00099999
2018-01-21 16:29:07,sell,0.00425018,2.91748800,0.01239984
2018-01-21 16:29:46,sell,0.00425039,17.35006141,0.07374452
2018-01-21 16:29:46,sell,0.00425037,0.03098527,0.00013169
2018-01-21 16:29:46,sell,0.00425036,0.35291128,0.00149999
2018-01-21 16:29:46,sell,0.00425000,0.12500000,0.00053125
2018-01-21 16:29:46,sell,0.00425000,0.05085250,0.00021612
2018-01-21 16:29:46,sell,0.00424479,0.04700000,0.00019950
2018-01-21 16:29:46,sell,0.00424449,2.35128366,0.00997999
2018-01-21 16:29:46,sell,0.00424003,2.02048570,0.00856691
2018-01-21 16:29:46,sell,0.00423527,1.28345200,0.00543576
2018-01-21 16:29:46,sell,0.00423500,0.23612750,0.00099999
2018-01-21 16:29:46,sell,0.00423404,0.23618063,0.00099999
2018-01-21 16:29:46,sell,0.00423115,2.32007563,0.00981658
2018-01-21 16:29:46,sell,0.00423114,47.88103276,0.20259135
2018-01-21 16:30:12,sell,0.00428699,0.58941000,0.00252679
2018-01-21 16:30:32,sell,0.00428699,0.00232599,0.00000997
2018-01-21 16:30:32,sell,0.00428699,0.23990250,0.00102845
2018-01-21 16:30:33,buy,0.00428699,0.23284188,0.00099819
2018-01-21 16:30:49,buy,0.00428692,0.19669183,0.00084320
2018-01-21 16:31:34,buy,0.00428673,0.12064228,0.00051716
2018-01-21 16:33:42,sell,0.00423155,21.00000000,0.08886255
2018-01-21 16:35:37,sell,0.00425885,0.85731688,0.00365118
2018-01-21 16:35:45,sell,0.00423163,0.14000000,0.00059242
2018-01-21 16:35:54,sell,0.00423165,0.03580539,0.00015151
2018-01-21 16:36:26,sell,0.00423166,0.03580522,0.00015151
2018-01-21 16:36:46,sell,0.00423169,0.03580513,0.00015151
2018-01-21 16:36:52,sell,0.00424698,0.93996204,0.00399199
2018-01-21 16:36:52,buy,0.00424532,0.06003795,0.00025488
2018-01-21 16:36:53,sell,0.00423169,7.43515740,0.03146328
2018-01-21 16:36:54,buy,0.00424532,0.00000001,0.00000000
2018-01-21 16:36:54,buy,0.00428502,0.03759999,0.00016111
2018-01-21 16:37:06,buy,0.00424217,0.03535926,0.00014999
2018-01-21 16:37:25,sell,0.00423171,0.03571643,0.00015114
2018-01-21 16:37:38,buy,0.00428478,0.10000000,0.00042847
2018-01-21 16:37:46,buy,0.00424193,0.03536124,0.00014999
2018-01-21 16:37:46,buy,0.00428472,0.00223876,0.00000959
2018-01-21 16:38:09,buy,0.00428461,5.26376937,0.02255319
2018-01-21 16:38:28,sell,0.00425472,0.07051228,0.00030001
2018-01-21 16:38:33,sell,0.00423116,0.93000000,0.00393497
2018-01-21 16:39:56,buy,0.00428404,0.75228070,0.00322280
2018-01-21 16:39:58,buy,0.00428404,0.00003383,0.00000014
2018-01-21 16:39:58,buy,0.00428405,1.57506617,0.00674766
2018-01-21 16:40:02,buy,0.00428401,1.57510000,0.00674774
2018-01-21 16:40:26,buy,0.00428391,0.03466725,0.00014851
2018-01-21 16:40:27,buy,0.00428390,0.29015548,0.00124299
2018-01-21 16:40:27,buy,0.00428390,0.28943029,0.00123989
2018-01-21 16:40:28,buy,0.00428388,0.29103125,0.00124674
2018-01-21 16:40:29,buy,0.00428388,1.00000000,0.00428388
2018-01-21 16:40:35,buy,0.00428386,10.08649792,0.04320914
2018-01-21 16:40:46,buy,0.00428379,0.03466847,0.00014851
2018-01-21 16:41:06,buy,0.00428369,0.03466903,0.00014851
2018-01-21 16:41:12,sell,0.00425849,0.59940000,0.00255253
2018-01-21 16:41:15,sell,0.00425849,0.00991637,0.00004222
2018-01-21 16:41:15,sell,0.00423141,0.99008363,0.00418944
2018-01-21 16:41:21,sell,0.00425874,0.46962229,0.00199999
2018-01-21 16:41:23,buy,0.00425859,0.22139598,0.00094283
2018-01-21 16:41:26,buy,0.00428360,0.03487418,0.00014938
2018-01-21 16:41:27,buy,0.00425858,0.35226461,0.00150014
2018-01-21 16:41:27,sell,0.00423142,0.31000000,0.00131174
2018-01-21 16:41:46,buy,0.00425858,0.00011731,0.00000049
2018-01-21 16:41:47,buy,0.00428347,0.03760000,0.00016105
2018-01-21 16:41:49,sell,0.00427373,0.03498080,0.00014949
2018-01-21 16:41:51,buy,0.00424532,2.73618700,0.01161598
2018-01-21 16:41:52,buy,0.00424532,0.03760000,0.00015962
2018-01-21 16:41:56,sell,0.00423150,4.63000000,0.01959184
2018-01-21 16:43:05,buy,0.00428303,2.00000000,0.00856606
2018-01-21 16:43:11,buy,0.00428299,0.31570642,0.00135216
2018-01-21 16:43:55,buy,0.00428275,8.07712300,0.03459229
2018-01-21 16:44:46,buy,0.00428248,0.03467745,0.00014850
2018-01-21 16:46:12,sell,0.00423330,0.11779997,0.00049868
2018-01-21 16:46:51,sell,0.00423385,0.48359418,0.00204746
2018-01-21 16:46:51,sell,0.00423385,0.05609551,0.00023749
2018-01-21 16:46:51,sell,0.00423384,3.21052782,0.01359286
2018-01-21 16:46:51,sell,0.00423383,0.35428914,0.00149999
2018-01-21 16:46:51,sell,0.00423382,0.47238599,0.00199999
2018-01-21 16:46:53,buy,0.00423382,0.04723866,0.00019999
2018-01-21 16:46:53,buy,0.00423382,1.76174975,0.00745893
2018-01-21 16:46:56,buy,0.00423382,0.03760000,0.00015919
2018-01-21 16:46:56,buy,0.00423382,1.06755372,0.00451983
2018-01-21 16:46:56,buy,0.00423382,1.45000000,0.00613903
2018-01-21 16:47:00,buy,0.00423382,5.78000000,0.02447147
2018-01-21 16:47:18,buy,0.00423381,0.03760000,0.00015919
2018-01-21 16:47:26,buy,0.00423381,0.03760000,0.00015919
2018-01-21 16:48:01,buy,0.00423381,0.02361939,0.00010000
2018-01-21 16:48:03,buy,0.00423381,0.03760000,0.00015919
2018-01-21 16:48:09,buy,0.00423381,5.40235728,0.02287255
2018-01-21 16:48:09,buy,0.00423382,4.72367372,0.01999918
2018-01-21 16:48:10,buy,0.00423382,3.05367200,0.01292869
2018-01-21 16:48:10,buy,0.00423382,2.28316000,0.00966648
2018-01-21 16:48:11,buy,0.00423382,2.28316000,0.00966648
2018-01-21 16:48:14,buy,0.00423382,2.45000000,0.01037285
2018-01-21 16:48:14,buy,0.00423382,1.51050000,0.00639518
2018-01-21 16:48:15,buy,0.00423382,3.00000000,0.01270146
2018-01-21 16:48:19,buy,0.00423382,3.00000000,0.01270146
2018-01-21 16:48:24,buy,0.00423382,3.00000000,0.01270146
2018-01-21 16:48:24,buy,0.00423382,0.23766244,0.00100621
2018-01-21 16:48:26,buy,0.00423382,0.03507822,0.00014851
2018-01-21 16:48:28,buy,0.00423382,3.00000000,0.01270146
2018-01-21 16:48:31,buy,0.00423382,6.69369510,0.02833990
2018-01-21 16:48:32,buy,0.00423382,3.00000000,0.01270146
2018-01-21 16:48:32,buy,0.00423382,9.23308270,0.03909121
2018-01-21 16:48:37,buy,0.00423382,3.00000000,0.01270146
2018-01-21 16:48:42,buy,0.00423382,10.00000000,0.04233820
2018-01-21 16:48:42,buy,0.00423382,3.00000000,0.01270146
2018-01-21 16:48:48,buy,0.00423382,3.00000000,0.01270146
2018-01-21 16:48:50,buy,0.00423382,10.00000000,0.04233820
2018-01-21 16:48:51,buy,0.00423116,2.00501253,0.00848352
2018-01-21 16:48:52,buy,0.00423116,0.00749493,0.00003171
2018-01-21 16:48:54,buy,0.00423382,2.99250507,0.01266972
2018-01-21 16:48:56,buy,0.00423382,10.00000000,0.04233820
2018-01-21 16:49:02,buy,0.00423382,10.00000000,0.04233820
2018-01-21 16:49:13,buy,0.00423382,10.00000000,0.04233820
2018-01-21 16:49:20,buy,0.00423382,10.00000000,0.04233820
2018-01-21 16:49:28,buy,0.00423382,0.47464289,0.00200955
2018-01-21 16:49:37,buy,0.00429994,0.53000000,0.00227896
2018-01-21 16:49:49,buy,0.00429985,0.23256462,0.00099999
2018-01-21 16:49:58,buy,0.00429980,56.00000000,0.24078880
2018-01-21 16:50:01,buy,0.00429978,0.70182000,0.00301767
2018-01-21 16:50:17,buy,0.00429972,37.00000000,0.15908964
2018-01-21 16:50:24,buy,0.00429969,6.48000000,0.02786199
2018-01-21 16:50:29,buy,0.00429968,0.79240379,0.00340708
2018-01-21 16:50:29,buy,0.00429969,9.20759621,0.03958980
2018-01-21 16:50:29,buy,0.00429967,10.99749373,0.04728559
2018-01-21 16:50:32,buy,0.00429966,6.31578947,0.02715574
2018-01-21 16:50:36,buy,0.00429965,0.35375771,0.00152103
2018-01-21 16:50:36,buy,0.00429966,0.00242903,0.00001044
2018-01-21 16:50:36,sell,0.00429966,5.18137990,0.02227817
2018-01-21 16:50:37,buy,0.00429998,1.00000000,0.00429998
2018-01-21 16:50:38,sell,0.00429966,0.03760000,0.00016166
2018-01-21 16:50:38,buy,0.00429998,1.31659552,0.00566133
2018-01-21 16:50:38,buy,0.00429999,4.99919395,0.02149648
2018-01-21 16:50:40,buy,0.00429999,6.31000000,0.02713293
2018-01-21 16:50:42,buy,0.00429999,0.50000000,0.00214999
2018-01-21 16:50:44,buy,0.00429998,1.12459587,0.00483573
2018-01-21 16:50:44,buy,0.00429999,0.69540413,0.00299023
2018-01-21 16:50:56,sell,0.00429968,0.03002609,0.00012910
2018-01-21 16:52:59,buy,0.00429998,0.24003225,0.00103213
2018-01-21 16:52:59,buy,0.00429999,0.75996775,0.00326785
2018-01-21 16:53:07,buy,0.00429999,0.76000000,0.00326799
2018-01-21 16:53:20,buy,0.00429999,0.03453842,0.00014851
2018-01-21 16:53:39,buy,0.00429999,0.03453842,0.00014851
2018-01-21 16:54:12,buy,0.00429999,37.00000000,0.15909963
2018-01-21 16:54:24,buy,0.00429999,0.40663394,0.00174852
2018-01-21 16:54:36,buy,0.00429999,10.05816293,0.04325000
2018-01-21 16:54:39,buy,0.00429999,0.03453842,0.00014851
2018-01-21 16:54:59,buy,0.00429999,0.03453842,0.00014851
2018-01-21 16:55:19,buy,0.00429999,0.03453842,0.00014851
2018-01-21 16:55:39,buy,0.00429999,0.03453842,0.00014851
2018-01-21 16:55:46,buy,0.00429999,10.00000000,0.04299990
2018-01-21 16:55:59,buy,0.00429999,0.03453842,0.00014851
2018-01-21 16:56:59,buy,0.00429999,0.03453842,0.00014851
2018-01-21 16:57:05,buy,0.00429999,10.00000000,0.04299990
2018-01-21 16:57:19,buy,0.00430000,0.03453842,0.00014851
2018-01-21 16:57:39,buy,0.00429998,0.03453834,0.00014851
2018-01-21 16:57:39,sell,0.00429970,0.10642603,0.00045760
2018-01-21 16:58:20,buy,0.00429970,0.03454075,0.00014851
2018-01-21 16:58:39,buy,0.00429970,0.03454075,0.00014851
2018-01-21 16:59:16,buy,0.00429970,0.02807870,0.00012072
2018-01-21 16:59:34,buy,0.00429970,2.00000000,0.00859940
2018-01-21 16:59:54,sell,0.00429968,0.46515057,0.00199999
2018-01-21 16:59:59,sell,0.00429966,0.06611392,0.00028426
2018-01-21 17:00:05,buy,0.00429970,0.18467800,0.00079405
2018-01-21 17:00:16,buy,0.00429970,0.20024233,0.00086098
2018-01-21 17:00:39,buy,0.00429999,0.03454075,0.00014852
2018-01-21 17:01:15,sell,0.00429970,2.45479700,0.01055489
2018-01-21 17:01:15,sell,0.00429970,0.06156757,0.00026472
2018-01-21 17:01:16,buy,0.00429999,2.45479700,0.01055560
2018-01-21 17:01:16,sell,0.00429970,1.46059617,0.00628012
2018-01-21 17:01:19,buy,0.00429970,0.03454075,0.00014851
2018-01-21 17:01:40,buy,0.00429969,0.02418058,0.00010396
2018-01-21 17:01:40,buy,0.00429970,0.01036017,0.00004454
2018-01-21 17:02:39,buy,0.00429970,0.03454075,0.00014851
2018-01-21 17:02:59,buy,0.00429970,0.03454075,0.00014851
2018-01-21 17:04:19,buy,0.00429970,0.03454075,0.00014851
2018-01-21 17:04:50,buy,0.00429970,0.84567734,0.00363615
2018-01-21 17:04:50,buy,0.00429970,2.45011249,0.01053474
2018-01-21 17:04:50,buy,0.00429999,19.96007820,0.08582813
2018-01-21 17:04:55,buy,0.00429999,19.00000000,0.08169981
2018-01-21 17:05:39,sell,0.00427258,0.03523616,0.00015054
2018-01-21 17:05:40,buy,0.00429999,33.00769072,0.14193274
2018-01-21 17:05:59,sell,0.00427258,0.03523616,0.00015054
2018-01-21 17:06:19,sell,0.00427260,0.03546222,0.00015151
2018-01-21 17:06:39,sell,0.00427260,0.03546205,0.00015151
2018-01-21 17:06:48,buy,0.00429993,0.06539009,0.00028117
2018-01-21 17:06:48,buy,0.00429999,57.67151202,0.24798692
2018-01-21 17:06:59,sell,0.00429999,0.03523616,0.00015151
2018-01-21 17:07:18,sell,0.00429999,0.10924759,0.00046976
2018-01-21 17:07:19,sell,0.00429999,0.03523616,0.00015151
2018-01-21 17:07:39,sell,0.00429999,0.03523616,0.00015151
2018-01-21 17:07:59,buy,0.00430000,3.46000000,0.01487800
2018-01-21 17:07:59,sell,0.00429999,0.03523616,0.00015151
2018-01-21 17:08:19,sell,0.00429999,0.03523616,0.00015151
2018-01-21 17:08:39,sell,0.00429999,0.03523616,0.00015151
2018-01-21 17:08:46,buy,0.00430000,1.70000000,0.00731000
2018-01-21 17:08:59,sell,0.00429999,0.03523608,0.00015151
2018-01-21 17:09:06,buy,0.00430000,2.52630931,0.01086313
2018-01-21 17:09:19,sell,0.00429999,0.03523608,0.00015151
2018-01-21 17:09:30,buy,0.00430000,0.02325813,0.00010000
2018-01-21 17:09:36,sell,0.00429999,10.31540861,0.04435615
2018-01-21 17:09:39,sell,0.00429999,0.03523616,0.00015151
2018-01-21 17:09:59,sell,0.00429999,0.03523616,0.00015151
2018-01-21 17:10:18,sell,0.00429999,1.25368436,0.00539083
2018-01-21 17:10:19,sell,0.00429998,0.03523616,0.00015151
2018-01-21 17:10:39,sell,0.00427293,0.03523625,0.00015056
2018-01-21 17:10:59,sell,0.00427293,0.03545931,0.00015151
2018-01-21 17:11:20,sell,0.00427318,0.03545931,0.00015152
2018-01-21 17:11:39,sell,0.00427320,0.03545724,0.00015151
2018-01-21 17:12:19,sell,0.00427320,0.03545707,0.00015151
2018-01-21 17:12:40,sell,0.00427320,0.03545707,0.00015151
2018-01-21 17:13:00,sell,0.00427320,0.03545707,0.00015151
2018-01-21 17:13:20,sell,0.00427320,0.03545707,0.00015151
2018-01-21 17:13:32,buy,0.00429760,0.28301801,0.00121629
2018-01-21 17:13:39,sell,0.00429764,0.03525576,0.00015151
2018-01-21 17:14:13,sell,0.00429764,2.26880255,0.00975049
2018-01-21 17:14:23,sell,0.00429764,1.20397544,0.00517425
2018-01-21 17:17:24,buy,0.00429822,0.07036662,0.00030245
2018-01-21 17:17:24,buy,0.00429998,0.92963338,0.00399740
2018-01-21 17:17:24,buy,0.00429998,1.98496241,0.00853529
2018-01-21 17:17:32,buy,0.00429998,0.00048617,0.00000209
2018-01-21 17:17:32,buy,0.00430000,0.99951383,0.00429790
2018-01-21 17:17:35,buy,0.00430000,1.23000000,0.00528900
2018-01-21 17:17:46,buy,0.00430000,10.00000000,0.04300000
2018-01-21 17:17:47,buy,0.00430000,2.19900000,0.00945570
2018-01-21 17:17:50,buy,0.00430000,9.00000000,0.03870000
2018-01-21 17:17:51,buy,0.00430000,27.06766917,0.11639097
2018-01-21 17:18:09,buy,0.00430000,10.00000000,0.04300000
2018-01-21 17:18:46,sell,0.00429502,0.48156606,0.00206833
2018-01-21 17:18:46,sell,0.00429500,0.91633394,0.00393565
2018-01-21 17:20:36,buy,0.00430000,5.00000000,0.02150000
2018-01-21 17:20:39,buy,0.00430000,0.03453834,0.00014851
2018-01-21 17:20:57,buy,0.00430000,3.23991200,0.01393162
2018-01-21 17:21:20,buy,0.00430000,0.03453834,0.00014851
2018-01-21 17:21:40,buy,0.00430000,0.03453834,0.00014851
2018-01-21 17:21:59,buy,0.00430000,0.03453834,0.00014851
2018-01-21 17:22:20,buy,0.00430000,0.03453834,0.00014851
2018-01-21 17:22:44,buy,0.00430000,3.00000000,0.01290000
2018-01-21 17:23:20,buy,0.00430000,0.03453834,0.00014851
2018-01-21 17:23:40,buy,0.00430000,0.03453834,0.00014851
2018-01-21 17:24:00,buy,0.00430000,0.03453834,0.00014851
2018-01-21 17:24:28,sell,0.00429500,0.78020343,0.00335097
2018-01-21 17:24:40,buy,0.00430000,0.03457855,0.00014868
2018-01-21 17:25:00,buy,0.00430000,0.03453834,0.00014851
2018-01-21 17:25:40,sell,0.00429500,0.03523608,0.00015133
2018-01-21 17:26:00,sell,0.00429500,0.03527710,0.00015151
2018-01-21 17:26:20,sell,0.00429500,0.03527710,0.00015151
2018-01-21 17:26:40,sell,0.00429500,0.03527710,0.00015151
2018-01-21 17:27:00,sell,0.00429500,0.03527710,0.00015151
2018-01-21 17:27:20,sell,0.00429500,0.03527710,0.00015151
2018-01-21 17:27:40,sell,0.00429500,0.03527710,0.00015151
2018-01-21 17:28:00,sell,0.00429500,0.03527710,0.00015151
2018-01-21 17:28:20,sell,0.00429500,0.03527710,0.00015151
2018-01-21 17:28:34,sell,0.00429500,19.00000000,0.08160500
2018-01-21 17:28:40,sell,0.00429500,0.03527710,0.00015151
2018-01-21 17:28:55,buy,0.00430000,7.53488373,0.03240000
2018-01-21 17:28:56,sell,0.00429500,8.05434149,0.03459339
2018-01-21 17:29:49,sell,0.00427318,0.43257597,0.00184847
2018-01-21 17:30:16,buy,0.00427318,0.31200000,0.00133323
2018-01-21 17:31:48,buy,0.00427318,0.19263550,0.00082316
2018-01-21 17:33:15,buy,0.00427318,0.11628139,0.00049689
2018-01-21 17:33:28,buy,0.00429500,0.14649136,0.00062918
2018-01-21 17:33:36,buy,0.00429500,0.73977881,0.00317734
2018-01-21 17:33:45,sell,0.00424700,38.65858802,0.16418302
2018-01-21 17:33:52,buy,0.00429499,1.59580000,0.00685394
2018-01-21 17:33:55,buy,0.00429499,1.59580000,0.00685394
2018-01-21 17:34:00,buy,0.00429499,1.59580000,0.00685394
2018-01-21 17:35:46,sell,0.00424759,18.85821475,0.08010196
2018-01-21 17:35:46,sell,0.00424758,15.35341726,0.06521486
2018-01-21 17:36:12,buy,0.00429487,0.88855922,0.00381624
2018-01-21 17:37:56,buy,0.00428524,1.08687634,0.00465752
2018-01-21 17:39:44,buy,0.00428524,20.46930105,0.08771586
2018-01-21 17:39:44,buy,0.00428527,6.92024831,0.02965513
2018-01-21 17:40:52,buy,0.00428527,0.53734984,0.00230268
2018-01-21 17:42:50,buy,0.00429500,3.54349441,0.01521930
2018-01-21 17:42:50,buy,0.00429500,4.93852734,0.02121097
2018-01-21 17:43:21,sell,0.00428527,0.88000000,0.00377103
2018-01-21 17:44:53,buy,0.00429500,10.00000000,0.04295000
2018-01-21 17:45:01,buy,0.00429500,10.00000000,0.04295000
2018-01-21 17:45:08,buy,0.00429500,44.92831429,0.19296710
2018-01-21 17:45:08,buy,0.00429500,2.39351725,0.01028015
2018-01-21 17:45:09,buy,0.00430000,2.80348174,0.01205497
2018-01-21 17:45:17,buy,0.00430000,0.23255813,0.00099999
2018-01-21 17:45:17,buy,0.00430000,4.42000000,0.01900600
2018-01-21 17:45:33,buy,0.00429500,5.50000000,0.02362250
2018-01-21 17:45:40,buy,0.00429500,0.00333026,0.00001430
2018-01-21 17:45:42,sell,0.00429607,0.99666974,0.00428176
2018-01-21 17:45:42,sell,0.00428527,2.42032450,0.01037174
2018-01-21 17:45:42,buy,0.00428527,6.57644110,0.02818182
2018-01-21 17:45:44,buy,0.00428527,0.00656466,0.00002813
2018-01-21 17:46:03,buy,0.00430000,0.74567907,0.00320642
